|0000|017|0|01102023|31102023|Brose do Brasil Ltda. Sao Paulo SP|02258243000745||SP|400024710119|3525201|3525201||A|0|
|0001|0|
|0002|00|
|0005|BROSE SAO PAULO PE|13240000|ESTM Alberto Tofanin, KM 5,5|S/N||Pinhal||||
|0100|Celeste Clerici Ramos Druszcz|02081142970|PR 44908/O|||||||||celeste.druszcz@brose.com|4125506|
|0150|V0000044990|Estampo Tec Industria e Comércio LT|1058|64999527000154||336743140112|3518800||Avenida Novo Brasil|220||Cumbica|
|0150|V0007003648|DIMENSIONAL BRASIL SOLUÇÕES LTDA|1058|06913480002616||260765929|4209102||AVENIDA MISSISSIPI|255|||
|0150|V0001000257|Contabilista Papelaria Suprimentos de Informática Ltda.|1058|77765840000170||1015748490|4106902||Rua JOSE BATISTA DOS SANTOS|2951||CIDADE INDUSTRIAL|
|0150|C0000007343|Hyundai Motor Brasil Montadora de Automóveis Ltda|1058|10394422000142||535450318119|3538709||Av Hyundai|777||Agua Santa|
|0150|C0000006733|Toyota do Brasil Ltda|1058|59104760000353||353080289118|3520509||Rod. SP 75 Km 48|SN||Marginal Sul|
|0150|V0000012504|Toyota do Brasil Ltda.|1058|59104760000353||353080289118|3520509||Rod. SP 75 Km 48 s/nº Marginal Sul|S/N||Marginal Sul|
|0150|V0000087457|CARGOLIFT LOGÍSTICA S/A|1058|82270711000817||9039503074|4125506||AVENIDA INDUSTRIAL|900||ROSEIRA|
|0150|V0007007933|FKS LOGISTICS LTDA|1058|17353801000648||127765356119|3518800||AV RIVER|636|||
|0150|V0007009169|FKS LOGISTICS LTDA|1058|17353801000303||0032327250099|3106705||AV FAUSTO RIBEIRO DA SILVA|693|||
|0150|V0000051292|JSL S/A. JULIO SIMOES LOGISTICA|1058|52548435012266||635588862110|3548708||R FREI DAMIAO|865||PAULICEIA|
|0150|V0000073047|VRB TRANSPORTES LTDA - ME|1058|23787980000110||9071022622|4125506||R SOLDADO FRANCISCO PEREIRA|120||CRUZEIRO|
|0150|V0000087565|MASTERKRAFT EMBALAGENS|1058|34904448000151||9082715301|4125506||RUA ADIR PEDROS|821||INA|
|0150|C0000002543|Mirgor S.A.|639||||||Einstein|1111||Tierra del Fuego|
|0150|B00310001|Brose do Brasil Ltda|1058|02258243000150||9016540932|4125506||Rua Max Brose, BR 376, km 625/626|171||Campo Largo da Roseira|
|0150|C0000004008|Volkswagen Do Brasil Indústria De Veiculos Automotores Ltda|1058|59104422005704||635014699111|3548708|000000000|Est. Marginal Via Anchieta km 23,5|SN||Centro|
|0150|V0000048415|DENSO DO BRASIL LTDA|1058|43375930000132||1015073515|4106902||R JOAO CHEDE|891||CIDADE INDUSTRIAL|
|0150|V0000066331|COMPANHIA SIDERURGICA NACIONAL COMPANHIA SIDERURGICA NACIONAL|1058|33042730002239||454279823110|3530607||Av Inal|190||Vila Industrial|
|0150|V0000089798|Autoplas Ind Com de Imp e Exp de Plásticos Tecnicos LTDA|1058|25170937000136||0675854470062|3140704||Fernão Dias|495||Vila Suzana|
|0150|V0000014448|Robert Bosch Ltda.|1058|45990181000189||244007410115|3509502||ROD ANHANGUERA|SN|km 98|JARDIM EULINA|
|0150|V0000004598|Brose do Brasil Ltda.|1058|02258243000150||9016540932|4125506||Av Sul BR 376 KM 628/629|151|||
|0150|B0000310001|Brose do Brasil Ltda|1058|02258243000150||9016540932|4125506||Rua Max Brose, BR 376, km 625/626|171||Campo Largo da Roseira|
|0150|V0000072887|EQUILAM SERVIÇOS EIRELI - EPP|1058|24660034000170||286436310113|3513801||RUA BOTOCUDOS|315|||
|0150|V0000088584|Hyundai Piracicaba|1058|10394422000142||535450318119|3538709||Av Hyundai|777|||
|0150|V0000061750|Component Industria e Comercio Ltda|1058|62672415000169||286236082110|3513801||Avenida Ferraz Alvim|298||Jardim Ruyce|
|0150|C0008001303|AUTOPLAS INDÚSTRIA COMÉRCIO IMPORTAÇÃO EXPORTAÇÃO PLASTICOS TECNICOS LTDA.|1058|25170937000136||0675854470062|3140704||Fernão Dias|495||Vila Suzana|
|0150|V0007007400|FKS LOGISTICS LTDA|1058|17353801000486||9095819580|4106902||Rua Conselheiro Laurindo|502|||
|0150|C0008001108|Ford Motor Company Brasil Ltda|1058|03470727000120||241183351115|3509205||Via de Acesso Sul KM 34|368||Empresarial Mirim|
|0150|V0007004798|THIAGO SECANECHIA BAIOCHI PERITO STORE EPI|1058|42885266000109||131657313114|3550308||CICENTA LA GIUDICE|49|||
|0150|C0000004562|ESTAMPO TEC IND. E COM. LTDA|1058|64999527000154||336743140112|3518800|000000000|Av. Novo Brasil, 220-Cumbica|220||Cidade Industrial SA|
|0150|C0001000031|Brose Do Brasil Ltda. (BR 376, km 625/626)|1058|02258243000150||9016540932|4125506|000000000|Rua Max Brose|171||Campo Largo da Roseira|
|0150|C0008001109|Ford Motor Company Brasil Ltda|1058|03470727003812||241142780111|3509205||Rodovia Anhanguera|368||Empresarial Mirim|
|0150|C0000006470|Component Industria e Comercio Ltda|1058|62672415000169||286236082110|3513801||Avenida Ferraz Alvim|298||JARDIM RUYCE|
|0150|C0008000357|Mobis Brasil Fabricacao de Auto Pecas Ltda|1058|08585033000314||588017283116|3544004||R. Sebastião Monteiro|320||Distrito Ind. Augusto Scarassatti|
|0150|V0000086724|AJJ TRANSPORTADORA EXPRESS LTDA|1058|14860531000169||9058578786|4125506||RUA ALFREDO PINTO|1041|||
|0150|V0007009977|R L PAIVA TRANSPORTES|1058|36307730000268||0039327290127|3118601||AV. JOSE FARIA DA ROCHA|4607|||
|0150|V0000083809|FKS LOGISTICS LTDA|1058|17353801000133||286228595118|3513801||RUA ORENSE|41||CENTRO|
|0150|V0000072143|BBP - SERVICO E FORNECIMENTO DE ALIMENTOS LTDA|1058|18476245000155||400014742112|3525201||ESTM ALBERTO TOFANIN S/N|||PINHAL|
|0150|C0000004564|SULBRAS MOLDES E PLASTICOS LTDA.|1058|89729867000196||0290117682|4305108|000000000|EST. FEDERAL BR 116 141|141||Cristo Redentor|
|0150|C0000000420|Toyota do Brasil Ltda|1058|59104760000353||353080289118|3520509|000000000|Rod. SP 75 Km 48|SN||Marginal Sul|
|0150|V0000086361|TELUB LUBRIFICANTES|1058|21404906000141||257518983|4202404||DOUTOR BLUMENAU|6780|||
|0150|C0000006938|Toyota P&A Porto Feliz|1058|59104760001244||554069857117|3540606||Eduardo Luchese Street|15||B1 to B8 Warehouse; Jardim Indaiatu|
|0150|V0000022120|VOLKSWAGEN DO BRASIL LTDA.I.V.AUT.|1058|59104422005704|||3548708||ESTR.MARG.VIA ANCHIETA - KM 23,5|||Demarchi|
|0150|V0000079290|TOYOTA DO BRASIL LTDA|1058|59104760001244||554069857117|3540606||R EDUARDO LUCHESE|15||JARDIM INDAIATUBA|
|0150|V0000021461|SULBRAS MOLDES E PLASTICOS LTDA.|1058|89729867000196||0290117682|4305108||EST. FEDERAL BR 116 141|141||Jardim Eldorado|
|0150|C0000000032|Volkswagen do Brasil Ltda|1058|59104422005704||635014699111|3548708|000000000|Est. Marginal Via Anchieta km23,5|SN||Centro|
|0150|V0007004941|CARGOLIFT LOGÍSTICA S/A|1058|82270711000736||0570232236|4309209||AV GENERAL MOTORS. Rua 61 Lote 38|2000|||
|0150|C0000002777|Sulbras Moldes e Plasticos Ltda.|1058|89729867000358||600128572111|3545209|000000000|Ermenio Oliveira Penteado|2000||Olaria|
|0150|V0001000016|Klueber Lubrification Lubrificantes Especiais Ltda. & Cia Rua São Paulo, 345|1058|43054261000105||206020681112|3505708||RUA SAO PAULO|345||ALPHAVILLE|
|0150|V0007003707|CBD MECANICA INDUSTRIAL LTDA|1058|59905042000114||672045200114|3552502||Rua Mitsuharu Matsushita|298|||
|0150|V0000088391|SINGULAR COM DE EPI LTDA|1058|20838307000173||190273331114|3504107||AV. SÃO PAULO|1840||JD ALVINOPOLIS|
|0150|V0007006938|Balluff Controles Elétricos Ltda|1058|52702990000707||748441680111|3519071||Rua perola|200|||
|0150|V0000072850|ELEKTRO ELETRICIDADE E SERVICOS S/A|1058|02328280000197||244868522118|3509502||R ARY ANTENOR DE SOUZA 321|||JD NOVA AMERICA|
|0150|V0000043544|KION SOUTH AMERICA FABRICACAO DE EQUIPAMENTOS PARA ARMAZENAGEM LTDA|1058|42365296000860||635379233110|3548708||R GENERAL IZIDORO DIAS LOPES 141|||VILA PAULICEIA|
|0150|V0007009127|TF2X IIuminacao Ltda|1058|44446090000114||127527056110|3518800||Soldado Benedito Esteves|31|||
|0150|V0007005013|CARGOLIFT LOGÍSTICA S/A|1058|82270711001970||714115283118|3556701||RUA JOANA FORESTO STORANI|80|||
|0150|V0007003941|R L PIVA TRANSPORTES|1058|36307730000187||127082133116|3518800||Rua das Orquideas|59|||
|0190|KG|Quilograma|
|0190|PÇ|Peça|
|0190|CM|Centímetro|
|0190|CDA|Cada|
|0190|UR|Unidade de|
|0190|P|Pontos|
|0190|SET|Conjunto|
|0200|000000002222302258|IYB 30,8-BPKG/V2A/AS, IY 5036|||PÇ|07|85439010||85||18||
|0200|000000002222304377|Fitting QSL-1/4-6|||PÇ|07|74122000||74||18||
|0200|000000002222304378|conecção rapida QSL-1/4-8|||PÇ|07|74122000||74||18||
|0200|000000002222304383|Fitting QS-1/8-8-I|||PÇ|07|74122000||74||18||
|0200|000000002222304385|Fitting QS-1/4-8-I|||PÇ|07|74122000||74||18||
|0200|000000002222304388|Conexão QST-8|||PÇ|07|74122000||74||18||
|0200|000000002222304389|conector rapido QSM-M5-6|||PÇ|07|85389090||85||18||
|0200|000000002222304399|conector rapido QSM-M5-4|||PÇ|07|85389090||85||18||
|0200|000000002222304413|Con.Ráp. L QSML-M3-4|||PÇ|07|82073000||82||18||
|0200|000000002222304423|conector rapido QSL-1/4-10|||PÇ|07|74122000||74||18||
|0200|000000002222304431|Shock absorber YSR-16-20-C|||PÇ|07|85389090||85||18||
|0200|000000002222304462|Switch PEV-1/4-B|||PÇ|07|85389090||85||18||
|0200|000000002222304723|Silencer U-1/4-B|||PÇ|07|82073000||82||18||
|0200|000000002222304725|Silencer U-3/8-B|||PÇ|07|82073000||82||18||
|0200|000000002222304730|Silencer U-3/4|||PÇ|07|85389090||85||18||
|0200|000000002222304816|Gauge MAP-40-16-1/8-EN|||PÇ|07|90262010||90||18||
|0200|000000002222305796|Valve GRLA-M5-B|||PÇ|07|85389090||85||18||
|0200|000000002222305805|Vanvula HEE-D-Mini-24|||PÇ|07|82073000||82||18||
|0200|000000002222305925|Valve LFR-3/8-D-MIDI|||PÇ|07|82073000||82||18||
|0200|000000002222306341|Cylinder ADVUL-16-30-P-A|||PÇ|07|85389090||85||18||
|0200|000000002222306363|Cylinder ADVU-25-75-A-P-A|||PÇ|07|85389090||85||18||
|0200|000000002222306370|Cilindro ADVU-25-25-P-A|||PÇ|07|85389090||85||18||
|0200|000000002222306392|Cylinder ADVU-32-25-P-A|||PÇ|07|85389090||85||18||
|0200|000000002222307106|Relais RT424024|||PÇ|07|85364100||85||18||
|0200|000000002222309132|Valvula extranguladora c/mano LRMA-QS-6|||PÇ|07|82073000||82||18||
|0200|000000002222310582|Cable KMEB-1-24-2,5-LED|||PÇ|07|82073000||82||18||
|0200|000000002222310876|Mounting kit SMBR-8-16|||PÇ|07|85389090||85||18||
|0200|000000002222310920|Sensor BES 516-325-E5-C-S4|||PÇ|07|82077090||82||18||
|0200|000000002222311360|Valve CPE14-M1BH-5/3G-1/8|||PÇ|07|85389090||85||18||
|0200|000000002222311371|Sensor BES 516-3005-G-E5-C-S49|||PÇ|07|85439010||85||18||
|0200|000000002222311390|Fitting QSML-M5-4|||PÇ|07|85389090||85||18||
|0200|000000002222311774|Laser Sensor Head reflective LV-H32|||PÇ|07|82073000||82||18||
|0200|000000002222311951|Valvula reguladora GRLA-M5-QS-6-D|||PÇ|07|82073000||82||18||
|0200|000000002222313292|Conexao rapida QSL-½-12|||PÇ|07|74122000||74||18||
|0200|000000002222313296|Fitting QSL-1/8-6|||PÇ|07|74122000||74||18||
|0200|000000002222313344|Conexao QSML-M5-6|||PÇ|07|82073000||82||18||
|0200|000000002222315365|Sensor BES 516-324-S49-C|||PÇ|07|85365090||85||18||
|0200|000000002222315368|Sensor BES M12MF1-PSC10F-S04G|||PÇ|07|85437099||85||18||
|0200|000000002222315921|Sensor curvo SMEO-4U-S-LED-24-B|||PÇ|07|82073000||82||18||
|0200|000000002222317844|Sensor BGL 10A-001-S49|||PÇ|07|85364900||85||18||
|0200|000000002222319850|Laser Sensor LV-21AP|||PÇ|07|82073000||82||18||
|0200|000000002222319944|Cilindro DSNU-12-125-P-A|||PÇ|07|82073000||82||18||
|0200|000000002222319951|Electrovalvula VMPA1-M1H-M-PI|||PÇ|07|85389090||85||18||
|0200|000000002222319952|Valve VMPA1-M1H-K-PI|||PÇ|07|82073000||82||18||
|0200|000000002222319953|Valve VMPA1-M1H-J-PI|||PÇ|07|82073000||82||18||
|0200|000000002222319954|Valve VMPA1-M1H-G-PI|||PÇ|07|82073000||82||18||
|0200|000000002222320680|Cable M8 F 0° 4p 5m open|||PÇ|07|85389090||85||18||
|0200|000000002222321040|Festanschlag BES 08-FA-49|||PÇ|07|82073000||82||18||
|0200|000000002222321105|Valve CPE14-M1BH-3GL-1/8|||PÇ|07|82073000||82||18||
|0200|000000002222321402|Fibra Óptica Reflex M3 B85|||PÇ|07|82073000||82||18||
|0200|000000002222325238|Fitting QS-4|||PÇ|07|82073000||82||18||
|0200|000000002222325239|conector rapido QS-6|||PÇ|07|82073000||82||18||
|0200|000000002222325247|conector rapido QSL-3/8-8|||PÇ|07|74122000||74||18||
|0200|000000002222325249|conector rapido QSL-3/8-12|||PÇ|07|74122000||74||18||
|0200|000000002222325251|conector rapido em T QST-12|||PÇ|07|74122000||74||18||
|0200|000000002222325306|Fitting QS-1/2-10|||PÇ|07|85389090||85||18||
|0200|000000002222325307|Fitting QSL-1/2-10|||PÇ|07|74122000||74||18||
|0200|000000002222328221|Cylinder ADVUL-20-20-P-A|||PÇ|07|82073000||82||18||
|0200|000000002222328338|Mini slide SLT-10-50-P|||PÇ|07|82073000||82||18||
|0200|000000002222329426|Sensor BES Q08ZC-PSC20B-S49G|||PÇ|07|82073000||82||18||
|0200|000000002222329432|BGL80A-001-S49 Gabellichtschranke, 12619|||PÇ|07|85364900||85||18||
|0200|000000002222332234|valvula de retenção HGL-M5-B|||PÇ|07|82073000||82||18||
|0200|000000002222332248|Gauge MAP-40-4-1/8-EN|||PÇ|07|90262010||90||18||
|0200|000000002222332251|Mini slide SLT-16-30-P-A|||PÇ|07|85389090||85||18||
|0200|000000002222332447|Cabeça das valvulas MSFG-24/42-50/60|||PÇ|07|82073000||82||18||
|0200|000000002222332761|Mini slide SLT-16-40-P-A|||PÇ|07|85389090||85||18||
|0200|000000002222335469|BESM08EG-PSC15A-S49G-W|||PÇ|07|82073000||82||18||
|0200|000000002222335661|relaissockel|||PÇ|07|85389090||85||18||
|0200|000000002222337735|Cable NEBU-M12G5-K-5-LE5|||PÇ|07|85444900||85||18||
|0200|000000002222338229|Fitting QSY-8-6|||PÇ|07|74122000||74||18||
|0200|000000002222338368|Cylinder DFM-12-125-B-P-A-GF|||PÇ|07|82073000||82||18||
|0200|000000002222338369|Cylinder DFM-16-160-B-PPV-A-GF|||PÇ|07|82073000||82||18||
|0200|000000002222338370|Cylinder ADN-16-60-A-P-A|||PÇ|07|82073000||82||18||
|0200|000000002222338443|Cylinder ADN-20-30-I-P-A|||PÇ|07|82073000||82||18||
|0200|000000002222338447|Cylinder ADN-32-10-I-P-A|||PÇ|07|82073000||82||18||
|0200|000000002222338454|Cylinder ADN-16-10-A-P-A|||PÇ|07|82073000||82||18||
|0200|000000002222338705|Fitting QSM-M5-6-I|||PÇ|07|74122000||74||18||
|0200|000000002222338812|Fitting QSY-6|||PÇ|07|82073000||82||18||
|0200|000000002222338831|Initiator BES M08MH1-PSC20B-S04G|||P|07|85437099||85||18||
|0200|000000002222339612|Seguradores de sensors M8 BES 08-FA-BS-8|||PÇ|07|85439010||85||18||
|0200|000000002222341822|Cylinder DFM-32-30-P-A-GF|||PÇ|07|82073000||82||18||
|0200|000000002222343791|Fitting QS-1/4-10-I|||PÇ|07|74122000||74||18||
|0200|000000002222343972|Valve CPE14-M1BH-5/3B-1/8|||PÇ|07|85389090||85||18||
|0200|000000002222344095|Service unit FRC-1/4-D-MINI|||SET|07|85389090||85||18||
|0200|000000002222344142|conector rapido QSL-1/4-12|||PÇ|07|74122000||74||18||
|0200|000000002222344600|Sensor SME-8M-DS-24V-K0,3-M8D|||PÇ|07|82073000||82||18||
|0200|000000002222345093|conecção rapida QSY-10|||PÇ|07|74122000||74||18||
|0200|000000002222345096|Sensor Indutivo M8 c/ Cabo IE5343|||PÇ|07|85437099||85||18||
|0200|000000002222345259|Fitting QS-G1/4-10-I|||PÇ|07|85389090||85||18||
|0200|000000002222345454|Fitting QS-G1/8-6-I|||PÇ|07|82073000||82||18||
|0200|000000002222345464|Fitting QS-G1/8-8-I|||PÇ|07|85389090||85||18||
|0200|000000002222345471|Fitting QSM-M3-4|||PÇ|07|82073000||82||18||
|0200|000000002222345551|conector rapido QSL-12|||PÇ|07|74122000||74||18||
|0200|000000002222345555|conector em Y QSY-8|||PÇ|07|74122000||74||18||
|0200|000000002222346131|Magnet-Betätiger BPS260-1|||PÇ|07|85437099||85||18||
|0200|000000002222346168|Photoelectric Sensor BOS 5K-PS-IX10-S75|||PÇ|07|82073000||82||18||
|0200|000000002222347033|Fitting QS-1/8-6-I|||PÇ|07|74122000||74||18||
|0200|000000002222347205|Cable M8 F 0° 3p 5m open|||PÇ|07|85389090||85||18||
|0200|000000002222348220|Cylinder ADVU-40-50-A-P-A|||PÇ|07|85389090||85||18||
|0200|000000002222350215|Mini-Carro SLT-16-80-P-A|||PÇ|07|82073000||82||18||
|0200|000000002222351774|Branching module MS6-FRM-1/2|||PÇ|07|84219910||84||18||
|0200|000000002222352431|Magnet sensor MZT8-03VPS-KP0|||PÇ|07|85437099||85||18||
|0200|000000002222353684|ilha sonosoidal VMPA2-M1H-J-PI|||PÇ|07|82073000||82||18||
|0200|000000002222353685|Valvula Solenoide VMPA2-M1H-E-PI|||PÇ|07|82073000||82||18||
|0200|000000002222354220|Silencer U-3/4-B|||PÇ|07|84129020||84||18||
|0200|000000002222355533|Sensorkopf LV-S71|||PÇ|07|82077090||82||18||
|0200|000000002222358687|Transmisor de fibra FU-5FZ|||PÇ|07|85389090||85||18||
|0200|000000002222364411|Sensor opt. BOS 2K-PS-RH11-02|||PÇ|07|82073000||82||18||
|0200|000000002222364733|Cabeça Macho M12, 4-pol.|||PÇ|07|85389090||85||18||
|0200|000000002222365110|Cylinder DFM-12-10-B-P-A-GF-AJ|||PÇ|07|82073000||82||18||
|0200|000000002222366265|Sensor IME08-04NPSZT0S|||PÇ|07|85365090||85||18||
|0200|000000002222366350|Cylinder ADN-12-20-A-P-A|||PÇ|07|82073000||82||18||
|0200|000000002222366634|Gripper plate|||PÇ|07|82073000||82||18||
|0200|000000002222367836|Punção das maquinas AGME B78|||PÇ|07|82073000||82||18||
|0200|000000002222370762|Sensor ind. BES 516-324-G-E4-C-02|||PÇ|07|82077090||82||18||
|0200|000000002222371706|Cable|||PÇ|07|85444200||85||18||
|0200|000000002222372675|Cylinder ADN-12-40-A-P-A|||PÇ|07|85389090||85||18||
|0200|000000002222372891|Communication Interface RS-232C|||PÇ|07|82073000||82||18||
|0200|000000002222373614|Cable NEBU-M8G3-K-5-LE3|||PÇ|07|82073000||82||18||
|0200|000000002222378049|Cable NEBU-M8G3-K-10-LE3|||PÇ|07|82073000||82||18||
|0200|000000002222379728|Female straight connector M12 4-polig|||PÇ|07|85389090||85||18||
|0200|000000002222380531|Sensor, induc. BES M08EE-PSC15B-S49G-003|||PÇ|07|85437099||85||18||
|0220|PÇ|1||
|0200|000000002222388345|Mini slide DGSL-16-20-P1A|||PÇ|07|82073000||82||18||
|0200|000000002222389102|Ind. Sensor BES 516-356-E5-C-S4|||PÇ|07|82077090||82||18||
|0200|000000002222390516|Cabeça Macho M8 3 Pins|||PÇ|07|85389090||85||18||
|0200|000000002222390517|Cabeça Femea M8 3 Pin|||PÇ|07|85389090||85||18||
|0200|000000002222391007|Sensor SME-10M-DS-24V-E-0,3-L-M8D|||PÇ|07|85437099||85||18||
|0200|000000002222391250|Eco-Rail Power supply 1-phase 24V/5ADC|||PÇ|07|85389090||85||18||
|0200|000000002222391514|Cilindro DNC-40-25-PPV-A|||PÇ|07|85389090||85||18||
|0200|000000002222391892|Sensor induct. BES Q08MEC-PSC20B-S49G|||PÇ|07|82073000||82||18||
|0200|000000002222393493|Cylinder ADNGF-16-30-P-A|||PÇ|07|82073000||82||18||
|0200|000000002222401416|Cilindro ADN-12-50-A-P-A|||PÇ|07|82073000||82||18||
|0200|000000002222401883|PIN CT-BP1/0,25-0,75 AU|||PÇ|07|85366990||85||18||
|0200|000000002222402234|Fitting QSL-G1/2-12|||PÇ|07|74122000||74||18||
|0200|000000002222402372|Barcode reader, 9PIN female DSUB 3M|||PÇ|07|85389090||85||18||
|0200|000000002222404385|Photoelectric sensor BOS 6K-PU-LH10-S75|||PÇ|07|84798999||84||18||
|0200|000000002222405716|Silencer U-1/8-BR|||PÇ|07|85389090||85||18||
|0200|000000002222405717|Silencer U-1/4-BR|||PÇ|07|85389090||85||18||
|0200|000000002222405862|Valve SY7320 5DZ-02|||PÇ|07|85389090||85||18||
|0200|000000002222405991|Silencer U-1/2-BR|||PÇ|07|85389090||85||18||
|0200|000000002222406768|Cable NEBU-M8G3-E-5-LE3|||PÇ|07|85444900||85||18||
|0200|000000002222407428|Cylinder ADNGF-16-10-P-A|||PÇ|07|84123110||84||18||
|0200|000000002222409620|Valve VFOF-LE-BAH-G18-Q6|||PÇ|07|82073000||82||18||
|0200|000000002222410729|female insert CT-E8-4/B|||PÇ|07|85366990||85||18||
|0200|000000002222410730|male insert CT-E8-4/S|||PÇ|07|85366990||85||18||
|0200|000000002222412882|Cable OP-87904|||PÇ|07|82073000||82||18||
|0200|000000002222414936|Sensor LR-TB5000C|||PÇ|07|82073000||82||18||
|0200|000000002222418749|sealing kit 400.25.93.01|||PÇ|07|82073000||82||18||
|0200|000000002222420594|Cylinder ADN-40-15-A-P-A-S2|||PÇ|07|82073000||82||18||
|0200|000000002222422316|valve VSVA-B-M52-MZ-A1-1C1-APP|||PÇ|07|82073000||82||18||
|0200|000000002222423226|Fitting QSK-1/8-6|||PÇ|07|74122000||74||18||
|0200|000000002222424303|Sensor amplifier IV-HG10|||PÇ|07|82073000||82||18||
|0200|000000002222425371|Cable M8 F 0° 3p 2m open|||PÇ|07|82073000||82||18||
|0200|000000002222426691|Cable NEBV-Z4WA2L-R-E-2.5-N-LE2-S1|||PÇ|07|85389090||85||18||
|0200|000000002222429010|Punch-side 14.200.266577|||PÇ|07|84798911||84||18||
|0200|000000002222429758|Silencer AMTE-M-LH-M5|||PÇ|07|84129020||84||18||
|0200|000000002222433072|SensorSPAU-P10R-H-G18FD-L-PNLK-PNVBA-M8U|||PÇ|07|82073000||82||18||
|0200|000000002222433246|Sensor BMF 203K-H-PS-C-A2-S75-00,3|||PÇ|07|85437099||85||18||
|0200|000000002222436123|Sensor BNS 260-02z-ST-R|||PÇ|07|85437099||85||18||
|0200|000000002222437710|Valve VUVG-B14-M52-AZT-F-1T1L|||PÇ|07|84818092||84||18||
|0200|000000002222442563|Cylinder DGC-K-32-800-PPV-A-GK|||PÇ|07|82073000||82||18||
|0200|000000002222444664|Seal kit Q-S 008.030.100.12.00-998|||PÇ|07|84849000||84||18||
|0200|000000002222445449|Sensor OPL-FCKG/IO-LINK/AS|||PÇ|07|84798999||84||18||
|0200|000000002222450175|Connection cable NEBS-L1G4-K-2.5-LE4|||PÇ|07|85389090||85||18||
|0200|000000002222450177|Plate VMPA-FB-EPLM-GU|||PÇ|07|82073000||82||18||
|0200|000000002222450179|Pressure sensor SPAN-B2R-G18M-PN-PN-L1|||PÇ|07|85389090||85||18||
|0200|000000002222450180|Sealing VABD-L1-18X-S-G14|||PÇ|07|82073000||82||18||
|0200|000000002222450204|Semi rotary drive DRVS-25-180-P|||PÇ|07|82073000||82||18||
|0200|000000002222450205|Modular electrical terminal CPX|||PÇ|07|82073000||82||18||
|0200|000000002222450236|Power supply 4.5 A, 100 W|||PÇ|07|82073000||82||18||
|0200|000000002222450237|Sensor PZ-G61CB|||PÇ|07|82073000||82||18||
|0200|000000002222451605|Sensor LR-TB2000|||PÇ|07|85389090||85||18||
|0200|000000002222452673|Cable for camera 5m|||PÇ|07|85444200||85||18||
|0200|000000002222453056|Cylinder DGST-16-10-PA|||PÇ|07|84123110||84||18||
|0200|000000002222453086|Linear actuator DGC-K-25-900-PPV-A-GK|||PÇ|07|82073000||82||18||
|0200|000000002222454306|Regulador de pressao VRPA-CM-Q6-E|||PÇ|07|82073000||82||18||
|0200|000000002222457073|Fitting NPKA-D-G18-Q6-P10|||PÇ|07|85389090||85||18||
|0200|000000002222457238|Cylinder ADNGF-25-30-P-A|||PÇ|07|82073000||82||18||
|0200|000000002222457585|Cable SAC-8P- 5,0-PUR/M12FS|||PÇ|07|85389090||85||18||
|0200|000000002222457586|Mag. switch XCSDMP-2 NC+1 NO-1 M12 0,15m|||PÇ|07|85389090||85||18||
|0200|000000002222457595|Dosing valve 40-80 BAR|||PÇ|07|82073000||82||18||
|0200|000000002222458086|Cable NEBS-L1G4-K-5-LE4|||PÇ|07|85444900||85||18||
|0200|000000002222461536|Sensor BES M12MG1-PSC80B-S04G|||PÇ|07|85365090||85||18||
|0200|000000002222466236|Tensioner pulley|||PÇ|07|84798999||84||18||
|0200|000000002222466264|Motor tip|||PÇ|07|84798999||84||18||
|0200|000000002222466295|Motor tip|||PÇ|07|84798999||84||18||
|0200|000000002222466296|Contact cover|||PÇ|07|84798999||84||18||
|0200|000000002222466297|Connector shirt|||PÇ|07|84798999||84||18||
|0200|000000002222466298|Contact cover|||PÇ|07|84798999||84||18||
|0200|000000002222466299|Cylinder ADNGF-16-55-P-A|||PÇ|07|82073000||82||18||
|0200|000000002222466340|Sensor DW-AD-503-04|||PÇ|07|85439010||85||18||
|0200|000000002222466356|Mobile clamp|||PÇ|07|84798999||84||18||
|0200|000000002222466366|Clamp|||PÇ|07|84798999||84||18||
|0200|000000002222466384|Cylinder DGC-18-500-GF-PPV-A|||PÇ|07|82073000||82||18||
|0200|000000002222466430|Sensor BES 516-324-E4-C-02|||PÇ|07|84798999||84||18||
|0200|000000002222466824|Sensor IEB3003QBPKG/AM/P/AS|||PÇ|07|84798999||84||18||
|0200|000000002222466825|Sensor IFB3004BBPKG/AM/V4A/US-104|||PÇ|07|85365090||85||18||
|0200|000000002222468516|Module RCT 103.04.6902|||PÇ|07|84799090||84||18||
|0200|000000002222468517|Module RCT 103.04.1902|||PÇ|07|84799090||84||18||
|0200|000000002222468538|Socket CT-B-UCT04/6|||PÇ|07|84818099||84||18||
|0200|000000002222468539|Plug CT-S-UCT04/6|||PÇ|07|84818099||84||18||
|0200|000000002222468540|Contact Module CT-E-UCT08-1|||PÇ|07|39269090||39||18||
|0200|000000002222468542|Contact module CT-E-UCT08-2|||PÇ|07|39269090||39||18||
|0200|000000002222468543|Coupling CT-B-SCT05|||PÇ|07|84818099||84||18||
|0200|000000002222468544|Plug CT-S-SCT05|||PÇ|07|84818099||84||18||
|0200|000000002222468927|Nozzle stainless steel 0,3x18|||PÇ|07|84249090||84||18||
|0200|000000002222468928|Nozzle needle LV 0,3mm|||PÇ|07|84249090||84||18||
|0200|000000002222469617|Conveyor belt SS 20V 8,679X600|||PÇ|07|39269022||39||18||
|0200|000000002222469622|Conveyor belt SS 20V 3,020X200|||PÇ|07|39269022||39||18||
|0200|000000002222471283|Medidor energia/potência IEM3250|||PÇ|07|90303990||90||18||
|0200|000000002222471372|Unidade de Expansão CA-DC40E|||PÇ|07|85371090||85||18||
|0200|000000002222471390|Cabo NEBU-M12W5-K-5-LE4|||PÇ|07|85444900||85||18||
|0200|000000002222471391|Silenciador AMTE-M-H-M5|||PÇ|07|84129020||84||18||
|0200|109784-000|Graxa 010.1--KLÜBERSYN._LR44-21_-N|||KG|03|34031900||34||18||
|0200|123964-100|Parafuso M5_TF___-RHT- 11,00-T25_-SO-N|||PÇ|03|73181500||73||18||
|0220|PÇ|1||
|0200|304408-000|KTL BRO-CVDA-M-KU-BLA- 300- 200- 148|||PÇ|02|39269090||39||18||
|0220|PÇ|1||
|0200|304412-000|KTL BRO-CVDA-M-KU-___- 600- 400- 280|||PÇ|02|39269090||39||18||
|0220|PÇ|1||
|0200|3044CP-000|VHM BRO-DECK-M-KU-___-1.232-1.019- 69|||PÇ|02|83023000||83||18|0102600|
|0220|PÇ|1||
|0200|3044FI-000|VHM TOY-DECK-M-KU-BLA-1.230-1.03|||PÇ|08|39269090||39||18||
|0220|PÇ|1||
|0200|3044FJ-000|VHM TOY-PALE-M-KU-___-1.205-1.005- 160|||PÇ|02|83023000||83||18|0102600|
|0220|PÇ|1||
|0200|3044J2-000|GLT FOR-KLBE-M-KU-___-1.200-1.000- 975|||PÇ|02|39231090||39||18||
|0220|PÇ|1||
|0200|3044JT-000|KTL BOS-FEST-M-KU-GRN- 600- 400- 150|||PÇ|02|83023000||83||18|0102600|
|0220|PÇ|1||
|0200|304718-000|GLT BRO-KLBE-M-KU-GRA-1.200-1.000- 990|||PÇ|02|39231090||39||18||
|0220|PÇ|1||
|0200|915066-200|Thermal transfer film _60,0|||CM|03|96121019||96||18||
|0200|920058-201|Tambor de cabos FH-BS-EL-LS- 44,0-M-USE|||PÇ|03|87089990||87||18|0107500|
|0220|PÇ|1||
|0200|961828-200|Autocolan FH-S_-RE- 50.00- 22.00-BROSE|||PÇ|03|48219000||48||18||
|0220|PÇ|1||
|0200|964500-100|Encosto FH-S_-FLA-SONST-FUEGEN-M-USE-N|||PÇ|03|40169990||40||18||
|0220|PÇ|1||
|0200|974600-102|Polia cabos FH-S_- 40.0-STAND-N|||PÇ|03|84835010||84||18||
|0220|PÇ|1||
|0200|980610-100|Graxa 003.1--BESLUX_PLEX_778A___-_|||KG|03|34039900||34||18||
|0200|981589-100|Perno roscado FH-N_-M__6-EINPR-BROSE-N|||PÇ|03|73181500||73||18||
|0220|PÇ|1||
|0200|995687-105|Perno roscado FH-S_-M__6-013__-E87__-N|||PÇ|03|73181500||73||18||
|0220|PÇ|1||
|0200|997771-250|Bolt FH-___________________-S_-Y413_-N|||PÇ|03|73182300||73||18||
|0220|PÇ|1||
|0200|A00033-100|Autocolan KL----RD- 36,00- 36,00-M-USE|||PÇ|03|48211000||48||18||
|0200|A00450-110|Balance clamp KL-M-USE-N|||PÇ|03|73269090||73||18||
|0200|A00472-110|Balance clamp KL-M-USE-N|||PÇ|03|73269090||73||18||
|0200|A17264-110|Thermal transfer film _40,0|||CM|03|96121000||96||18||
|0200|A66435-110|Parafuso M5_TF___-RHT- 20.00-IP25-KL-N|||PÇ|03|73181500||73||18||
|0200|A71797-110|Flapperdoor KL-N_-M-USE|||PÇ|03|87089100||87||18||
|0200|A71798-110|Flapperdoor KL-N_-M-USE|||PÇ|03|87089100||87||18||
|0200|C04714-100|Perno roscado FH-S_-M__6-EINPR-M-USE-N|||PÇ|03|73181500||73||18||
|0220|PÇ|1||
|0200|C20190-100|Tambor de cabos TS-BS-EL-RS- 44.0-M-USE|||PÇ|03|87089990||87||18|0107500|
|0200|C21414-100|Batente KL-N_-NCV3_|||PÇ|03|40169990||40||18||
|0200|C36380-101|Polia cabos FH-S_- 30.0-STAND-N|||PÇ|03|39269090||39||18||
|0220|PÇ|1||
|0200|C38209-100|Parafuso ________-___- 7,00-IP25-KL-N|||PÇ|03|73181500||73||18||
|0200|C38999-100|Flapperdoor KL-N_-M-USE|||PÇ|03|87089100||87||18||
|0200|C48015-100|Flapperdoor KL-N_-M-USE|||PÇ|03|87082999||87||18||
|0220|PÇ|1||
|0200|C52885-102|CFM MOD-BBL1___-.40_------__-VW120-N|||PÇ|03|85011019||85||18||
|0200|C52886-100|Fan KL-EC-362-. 4-VW120|||PÇ|03|84149020||84||18||
|0200|C57113-130|ASM Motor KL-ECI-BBL1___-. 4-SON-VWMQB-_|||PÇ|03|87089100||87||18||
|0200|C67298-100|Fan KL-EC-510-.10-W213_|||PÇ|07|84149020||84||18||
|0220|PÇ|1||
|0200|C83899-101|Flapperdoor KL-N_-M-USE|||PÇ|03|87082999||87||18||
|0220|PÇ|1||
|0200|C86145-100|CANTONEIRA FIXA FH FH-L_-160B_|||PÇ|03|87089990||87||18|0107500|
|0220|PÇ|1||
|0200|C86146-100|CANTONEIRA FIXA FH FH-R_-160B_|||PÇ|03|87089990||87||18|0107500|
|0220|PÇ|1||
|0200|C86161-103|ASM RSL FH-L_-VO-A_S-ADP-160B_|||PÇ|03|83023000||83||18|0102600|
|0220|PÇ|1||
|0200|C86162-103|ASM RSL FH-R_-VO-A_S-ADP-160B_|||PÇ|03|83023000||83||18|0102600|
|0220|PÇ|1||
|0200|C86163-107|ASM RSL FH-L_-HI-C_S-ADP-160B_|||PÇ|03|83023000||83||18|0102600|
|0220|PÇ|1||
|0200|C86164-107|ASM RSL FH-R_-HI-C_S-ADP-160B_|||PÇ|03|83023000||83||18|0102600|
|0220|PÇ|1||
|0200|C86165-100|CANTONEIRA FIXA FH FH-L_-160B_|||PÇ|03|87089990||87||18|0107500|
|0220|PÇ|1||
|0200|C86166-100|CANTONEIRA FIXA FH FH-R_-160B_|||PÇ|03|87089990||87||18|0107500|
|0220|PÇ|1||
|0200|C86180-100|Tambor de cabos FH-BS-EL-LS- 40,0-160B_|||PÇ|03|39263000||39||18|0100500|
|0220|PÇ|1||
|0200|E17690-100|WRD P-A-W-E-10-90_-AS-WR19_-E-1-360B_-N|||PÇ|03|85013110||85||18||
|0220|PÇ|1||
|0200|E17699-100|WRD Q-A-W-E-10-90_-AS-WR19_-E-1-360B_-N|||PÇ|03|85013110||85||18||
|0220|PÇ|1||
|0200|E17700-100|WRD P-A-W-E-10-90_-AS-WR19_-E-1-360B_-N|||PÇ|03|85013110||85||18||
|0220|PÇ|1||
|0200|E17701-100|WRD Q-A-W-E-10-90_-AS-WR19_-E-1-360B_-N|||PÇ|03|85013110||85||18||
|0220|PÇ|1||
|0200|E21263-101|Acion.vid jan ES-EL-OE-LI-AN-BS-VS30_-N|||PÇ|03|87082999||87||18||
|0220|PÇ|1||
|0200|E24827-102|Acion.vid jan ES-EL-IE-LI-AN-LL-360B_-N|||PÇ|04|87082999||87||18||
|0220|PÇ|1||
|0200|E24828-102|Acion.vid jan ES-EL-IE-RE-AN-LL-360B_-N|||PÇ|04|87082999||87||18||
|0220|PÇ|1||
|0200|E24829-102|Acion.vid jan ES-EL-IE-LI-AN-LL-360B_-N|||PÇ|04|87082999||87||18||
|0220|PÇ|1||
|0200|E24830-102|Acion.vid jan ES-EL-IE-RE-AN-LL-360B_-N|||PÇ|04|87082999||87||18||
|0220|PÇ|1||
|0200|E33455-100|SAG FH-L_-BS-EL- 40,0-360B_-N|||PÇ|03|87089990||87||18|0107500|
|0220|PÇ|1||
|0200|E33456-100|SAG FH-R_-BS-EL- 40,0-360B_-N|||PÇ|03|87089990||87||18|0107500|
|0220|PÇ|1||
|0200|E33457-100|SAG FH-L_-BS-EL- 40,0-360B_-N|||PÇ|03|87089990||87||18|0107500|
|0220|PÇ|1||
|0200|E33458-100|SAG FH-R_-BS-EL- 40,0-360B_-N|||PÇ|03|87089990||87||18|0107500|
|0220|PÇ|1||
|0200|E35193-101|ASM Rail FH-L_-VO-A_S-SR-TIT-360B_|||PÇ|04|83023000||83||18|0102600|
|0220|PÇ|1||
|0200|E35194-101|ASM Rail FH-R_-VO-A_S-SR-TIT-360B_|||PÇ|04|83023000||83||18|0102600|
|0220|PÇ|1||
|0200|E35195-101|ASM Rail FH-L_-HI-C_S-SR-TIT-360B_|||PÇ|04|83023000||83||18|0102600|
|0220|PÇ|1||
|0200|E35196-101|ASM Rail FH-R_-HI-C_S-SR-TIT-360B_|||PÇ|03|83023000||83||18|0102600|
|0220|PÇ|1||
|0200|E35197-100|Barra de guia FH FH-L_-SE-___KSP-360B_-N|||PÇ|03|87089990||87||18|0107500|
|0220|PÇ|1||
|0200|E35198-100|Barra de guia FH FH-R_-SE-___KSP-360B_-N|||PÇ|03|87089990||87||18|0107500|
|0220|PÇ|1||
|0200|E35199-100|Barra de guia FH FH-L_-SE-___KSP-360B_-N|||PÇ|03|87089990||87||18|0107500|
|0220|PÇ|1||
|0200|E35200-100|Barra de guia FH FH-R_-SE-___KSP-360B_-N|||PÇ|03|87089990||87||18|0107500|
|0220|PÇ|1||
|0200|E35554-102|Cabo Bowden FH FH-L_-1TEIL-360B_|||PÇ|03|87089990||87||18|0107500|
|0220|PÇ|1||
|0200|E35576-102|Cabo Bowden FH FH-R_-1TEIL-360B_|||PÇ|03|87089990||87||18|0107500|
|0220|PÇ|1||
|0200|E35581-101|Cabo Bowden FH FH-L_-1TEIL-360B_|||PÇ|03|87089990||87||18|0107500|
|0220|PÇ|1||
|0200|E35583-101|Cabo Bowden FH FH-R_-1TEIL-360B_|||PÇ|03|87089990||87||18|0107500|
|0220|PÇ|1||
|0200|E35585-102|Cabo Bowden FH FH-L_-1TEIL-360B_|||PÇ|03|87089990||87||18|0107500|
|0220|PÇ|1||
|0200|E35588-102|Cabo Bowden FH FH-R_-1TEIL-360B_|||PÇ|03|87089990||87||18|0107500|
|0220|PÇ|1||
|0200|E35590-102|Cabo Bowden FH FH-L_-1TEIL-360B_|||PÇ|03|87089990||87||18|0107500|
|0220|PÇ|1||
|0200|E35592-102|Cabo Bowden FH FH-R_-1TEIL-360B_|||PÇ|03|87089990||87||18|0107500|
|0220|PÇ|1||
|0200|E44608-000|Chapa 1,50- 620,0-IN DX53D___________-N|||KG|01|72104910||72||18||
|0200|E44609-000|Chapa 1,20- 615,0-IN DX53D___________-N|||KG|01|72104910||72||18||
|0200|E51399-101|Shroud KL-EC-EIN-. 4-VWMQB|||PÇ|00|84149020||84||18||
|0200|E51524-101|CFM MOD-BBL1R__-.30_------__-VWMQB-N|||PÇ|03|85011019||85||18||
|0220|PÇ|1||
|0200|E52065-100|Fan KL-EC-410-. 3-VWMQB|||PÇ|01|84149020||84||18||
|0200|E64356-104|Acion.vid jan ES-EL-IE-LI-AN-LL-SU2B_-N|||PÇ|04|87082999||87||18||
|0220|PÇ|1||
|0200|E66858-100|Clipe FH-S_-SEG-___-__________-HKMC_-N|||PÇ|03|87089990||87||18|0107500|
|0200|E69688-100|Autocolan KL-N_-RE- 50.00- 26.00-FORT6|||PÇ|03|48219000||48||18||
|0200|E70989-104|Acion.vid jan ES-EL-IE-RE-AN-LL-SU2B_-N|||PÇ|04|87082999||87||18||
|0220|PÇ|1||
|0200|E70990-104|Acion.vid jan ES-EL-IE-LI-AN-LL-SU2B_-N|||PÇ|04|87082999||87||18||
|0220|PÇ|1||
|0200|E70991-104|Acion.vid jan ES-EL-IE-RE-AN-LL-SU2B_-N|||PÇ|04|87082999||87||18||
|0220|PÇ|1||
|0200|E71017-103|Deslizad.trilho FH-L_-ADA-KST-BNF-CRETA|||PÇ|01|87089990||87||18|0107500|
|0220|PÇ|1||
|0200|E71018-103|Deslizad.trilho FH-R_-ADA-KST-BNF-CRETA|||PÇ|01|87089990||87||18|0107500|
|0220|PÇ|1||
|0200|E71021-100|Barra de guia FH FH-L_-SE-417542-HKMC_-N|||PÇ|03|87089990||87||18|0107500|
|0220|PÇ|1||
|0200|E71022-100|Barra de guia FH FH-R_-SE-417542-FIT__-N|||PÇ|03|87089990||87||18|0107500|
|0220|PÇ|1||
|0200|E71025-100|Barra de guia FH FH-L_-SE-___KSP-HKMC_-N|||PÇ|03|87089990||87||18|0107500|
|0220|PÇ|1||
|0200|E71026-100|Barra de guia FH FH-R_-SE-___KSP-FIT__-N|||PÇ|03|87089990||87||18|0107500|
|0220|PÇ|1||
|0200|E71027-103|SAG FH-L_-OS-EL- 44,0-CRETA-N|||PÇ|01|87089990||87||18|0107500|
|0220|PÇ|1||
|0200|E71028-103|SAG FH-R_-OS-EL- 44,0-CRETA-N|||PÇ|01|87089990||87||18|0107500|
|0220|PÇ|1||
|0200|E71030-100|Cabo Bowden FH FH-S_-OFFEN-SUV__|||PÇ|03|87089990||87||18|0107500|
|0220|PÇ|1||
|0200|E71031-101|Cabo Bowden FH FH-S_-OFFEN-SUV__|||PÇ|03|87089990||87||18|0107500|
|0220|PÇ|1||
|0200|E71036-101|Cabo Bowden FH FH-S_-OFFEN-SUV__|||PÇ|03|87089990||87||18|0107500|
|0220|PÇ|1||
|0200|E71429-100|WRD P-9-W-E-_9-80_-BO-FPG2_-6-1-__-__-N|||PÇ|01|85013110||85||18||
|0220|PÇ|1||
|0200|E71430-100|WRD Q-9-W-E-_9-80_-BO-FPG2_-6-1-__-__-N|||PÇ|01|85011019||85||18||
|0220|PÇ|1||
|0200|E71432-100|WRD P-9-W-P-_9-80_-BO-FPG2E-2-0-CRETA-N|||PÇ|01|85013110||85||18||
|0200|E71435-100|WRD Q-9-W-P-_9-80_-BO-FPG2E-2-0-CRETA-N|||PÇ|01|85013110||85||18||
|0200|E71499-100|WRD P-9-W-E-_9-80_-BO-FPG2_-6-1-__-__-N|||PÇ|01|85011019||85||18||
|0220|PÇ|1||
|0200|E71500-100|WRD Q-9-W-E-_9-80_-BO-FPG2_-6-1-__-__-N|||PÇ|01|85013110||85||18||
|0220|PÇ|1||
|0200|E87996-100|ASM Rail FH-L_-FA-SON-NI-TIT-M-USE|||PÇ|04|87089990||87||18|0107500|
|0220|PÇ|1||
|0200|E87997-100|ASM Rail FH-R_-BF-SON-NI-TIT-M-USE|||PÇ|04|87089990||87||18|0107500|
|0220|PÇ|1||
|0200|E87998-100|ASM Rail FH-L_-FA-S_U-NI-TIT-M-USE|||PÇ|04|87089990||87||18|0107500|
|0220|PÇ|1||
|0200|E87999-100|ASM Rail FH-R_-BF-S_U-NI-TIT-M-USE|||PÇ|04|87089990||87||18|0107500|
|0220|PÇ|1||
|0200|E96458-102|Barra de guia FH FH-R_-SE-___KSP-P375_-N|||PÇ|03|87089990||87||18|0107500|
|0220|PÇ|1||
|0200|E96460-102|Barra de guia FH FH-L_-SE-___KSP-P703_-N|||PÇ|03|87089990||87||18|0107500|
|0220|PÇ|1||
|0200|E96462-102|Barra de guia FH FH-R_-SE-___KSP-P703_-N|||PÇ|03|87089990||87||18|0107500|
|0220|PÇ|1||
|0200|E96464-102|Barra de guia FH FH-L_-SE-___KSP-P703_-N|||PÇ|03|87089990||87||18|0107500|
|0220|PÇ|1||
|0200|G02063-101|CFM MOD-BBL1R__-.40_------__-VWMQB-N|||PÇ|03|85011019||85||18||
|0220|PÇ|1||
|0200|G07255-100|Vedação KL-N_----SON-P703_-N|||PÇ|03|40169990||40||18||
|0220|PÇ|1||
|0200|G07261-100|Vedação KL-N_----SON-P703_-N|||PÇ|03|40169990||40||18||
|0220|PÇ|1||
|0200|G07788-101|Encosto FH-S_-SON-SLITZ-STECKE-HKMC_-N|||PÇ|03|39269090||39||18||
|0200|G08392-100|ASM Motor KL-ECI-BBL1R__-. 3-120-M-USE-D|||PÇ|03|87089100||87||18||
|0200|G08393-100|ASM Motor KL-ECI-BBL1R__-. 4-SON-M-USE-D|||PÇ|03|87089100||87||18||
|0200|G12291-100|CFM MOD-BBL2___-100_-138--__-VS30_-N|||PÇ|03|87089100||87||18||
|0200|G13543-000|Chapa 1,00- 650,0-NBR 7008 ZEE grau 1-N|||KG|04|72104910||72||18||
|0200|G13544-000|Chapa 1,00- 605,0-NBR 7008 ZEE grau 1-N|||KG|04|72104910||72||18||
|0200|G14186-100|ASM Motor KL-ECA-BBL2___-.94-138-971__-D|||PÇ|03|85013210||85||18||
|0200|G20549-103|SAG FH-L_-OS-EL- 44,0-FIT__-N|||PÇ|01|87089990||87||18|0107500|
|0220|PÇ|1||
|0200|G20550-103|SAG FH-R_-OS-EL- 44,0-FIT__-N|||PÇ|01|87089990||87||18|0107500|
|0220|PÇ|1||
|0200|G25348-101|CFM MOD-BBL2___-.85_-SON--__-P703_-D|||PÇ|03|87089100||87||18||
|0220|PÇ|1||
|0200|G25440-100|ASM Motor KL-ECA-BBL2___-. 8-138-P375_-N|||PÇ|03|85013110||85||18||
|0220|PÇ|1||
|0200|G25442-101|Fan KL-EC-530-. 8-U375_|||PÇ|01|84149020||84||18||
|0220|PÇ|1||
|0200|G25949-101|Shroud KL-EC-EIN-. 8-P703_|||PÇ|03|84839000||84||18|0105000|
|0200|G25949-102|Shroud KL-EC-EIN-. 8-P703_|||PÇ|03|84149020||84||18||
|0220|PÇ|1||
|0200|G26425-100|Shroud KL-EC-EIN-. 8-P703_|||PÇ|01|84839000||84||18|0105000|
|0220|PÇ|1||
|0200|G30129-100|Parafuso TP50____-RHT- 40,00-IP25-FH-N|||PÇ|03|87089990||87||18|0107500|
|0220|PÇ|1||
|0200|M20231010|Bateria para FM 17 48v 608Ah|||PÇ|07|||84||18||
|0200|M20231011|Sacochilas em Nylon 40x35cm Personalizad|||PÇ|07|||42||18||
|0200|M20231012|Bloco de Notas 9,4x15cm Personalizado|||PÇ|07|||48||18||
|0200|M20231013|Caneta Metal Touch Personalizada|||PÇ|07|||96||18||
|0200|M20231014|Banner - FIRST|||PÇ|07|||49||18||
|0200|M20231015|CONJUNTO CAC FORD|||PÇ|99|||48||18||
|0200|M20231016|LUVA SS1003 PU - TAM 7|||PÇ|07|||39||18||
|0200|M20231017|GIZ DE CERA - ACRILEX|||PÇ|07|||96||18||
|0200|M20231018|MASSA DE MODELAR - ACRILEX|||PÇ|07|||34||18||
|0200|M20231019|BOLHA DE SABÃO|||PÇ|07|||95||18||
|0200|M20231020|CREME DE MÃO|||PÇ|07|||33||18||
|0200|M20231021|Embalagem Papelão|||PÇ|07|||48||18||
|0200|M20231022|Coffee CIPA|||CDA|07|||||18||
|0200|M20231023|REFEIÇÕES - JARINU - 2023|||UR|07|||21||18||
|0200|M20231024|Conjunto Caixa P&A P703 FORD CFM|||PÇ|99|||48||18||
|0200|M20231025|Coffee IATF 05/10|||CDA|07|||||18||
|0200|M20231026|Inversor CFW300|||PÇ|07|||85||18||
|0200|M20231027|Kit de caixa e colmeia MQB|||PÇ|07|||48||18||
|0200|M20231028|8603214 Laptop HP EiteBook 840 G6|||PÇ|08|||84||18||
|0200|M20231029|Fonte externa 45W para Laptop HP|||PÇ|07|||85||18||
|0200|M2023103|CONJUNTO P073 - FORD - 9pc por conjunto|||PÇ|99|||48||18||
|0200|M20231030|LUVA SS1007 - TAM 8|||PÇ|07|||61||18||
|0200|M20231031|Coffee visita 27.09|||CDA|07|||||18||
|0200|M20231032|Coffee Cliente VW|||CDA|07|||||18||
|0200|M20231033|CANETA RETROPROJETOR 2.0 AZUL PILOT|||PÇ|07|||96||18||
|0200|M20231034|CANETA QUADRO BRANCO PRETA WBM-7 PILOT|||PÇ|07|||96||18||
|0200|M20231035|CANETA QUADRO BRANCO AZUL WBM-7 PILOT|||PÇ|07|||96||18||
|0200|M20231036|REFIL PARA PLASTIFICACAO 220 X 307MM 0,0|||PÇ|07|||39||18||
|0200|M20231037|ETIQUETA LASER/JET A4 367 288,5x200,0 PI|||PÇ|07|||48||18||
|0200|M20231038|PINCEL ESCOLAR 473 REDONDO CURTO 10 COND|||PÇ|07|||35||18||
|0200|M20231039|FITA ADESIVA DUPLA FACE 24mm X 2m FIXA F|||PÇ|07|||96||18||
|0200|M2023104|Rack Metalico|||PÇ|07|||94||18||
|0200|M20231040|PERFIL DE ALUMINIO N Ø 28 L=4000mm|||CDA|07|||76||18||
|0200|M20231041|CAPA DE FECHAMENTO INTERNO DE PLASTICO|||CDA|07|||39||18||
|0200|M20231042|CONECTOR MULTI EXTERNO DE ALUMINIO A|||CDA|07|||39||18||
|0200|M20231043|CONECTOR ARTICULAVEL LIVRE INT. V-M ALUM|||CDA|07|||72||18||
|0200|M20231044|SUPORTE PARA MOLA TIPO 2|||CDA|07|||76||18||
|0200|M20231045|TRAVA DO TRILHO ROLETADO EM INOX|||CDA|07|||76||18||
|0200|M20231046|MOLA DE TRAÇÃO PESADA S|||CDA|07|||76||18||
|0200|M20231047|CONECTOR MULTIPLO EXTERNO LISO ALUMINIO|||CDA|07|||76||18||
|0200|M20231048|SUPORTE PARA MOLA TIPO 2|||CDA|07|||76||18||
|0200|M20231049|MOLA DE TRAÇÃO MÉDIA S|||CDA|07|||73||18||
|0200|M2023105|CFM MQB|||PÇ|07|||84||18||
|0200|M20231050|CAPA DE FECHAMENTO EXTERNO DE PLASTICO|||CDA|07|||76||18||
|0200|M20231051|CONECTOR CRUZADO DE ALUMINIO A|||CDA|07|||76||18||
|0200|M20231052|BUCHA DE DESLIZAMENTO G 55MM DE ALUMINIO|||CDA|07|||76||18||
|0200|M20231053|CONECTOR MULTI INTERNO DE ALUMINIO A|||CDA|07|||76||18||
|0200|M20231054|CONECTOR MULTI INT. R ALUM. (GIRATORIO)|||CDA|07|||76||18||
|0200|M20231055|CONECTOR ANTI ESCAPE DE FERRO|||CDA|07|||73||18||
|0200|M20231056|PERFIL DE ALUMINIO REFORÇADO T L=4000mm|||CDA|07|||73||18||
|0200|M20231057|SUPORTE DE FIXACAO DE ALUM. PARA TRILHO|||CDA|07|||73||18||
|0200|M20231058|CONECTOR DE UNIAO DE ALUMINIO|||CDA|07|||73||18||
|0200|M20231059|LUVA ANTI CORTE CUT SMART TAM 6|||CDA|07|||61||18||
|0200|M2023106|Disp. Controle da Altura da Solda|||PÇ|08|||82||18||
|0200|M20231060|LUVA ANTI-CORTE COM BANHO 7|||CDA|07|||61||18||
|0200|M20231062|PARAFUSO|||CDA|07|||73||18||
|0200|M20231063|ARRUELA|||CDA|07|||73||18||
|0200|M20231064|CONTROLADOR (RECONDICIONADO)|||CDA|07|||90||18||
|0200|M20231065|LUMINÁRIA TFX HB48 150W|||CDA|07|||94||18||
|0200|M2023107|Disp. Controle de Batimento - Axial e Ra|||PÇ|08|||82||18||
|0200|M2023108|Disp. Controle do Guide Rail Front LH E7|||PÇ|08|||82||18||
|0200|M2023109|Disp. Controle do Guide Rail Rear LH E71|||PÇ|08|||82||18||
|0200|P00410-000|GLT TOY-PALE-M-KU-SWA-1.200- 800- 50|||PÇ|00|39269090||39||18||
|0220|PÇ|1||
|0200|P00438-000|GLT TOY-PALE-M-KU-SWA-1.200- 800- 160|||PÇ|02|39269090||39||18||
|0220|PÇ|1||
|0200|P00650-000|GLT BRO-KLBE-M-KU-SWA-1.010- 605- 650|||PÇ|02|39231090||39||18||
|0220|PÇ|1||
|0200|P01113-000|Caixa Plástica CN-6415|||PÇ|00|39231090||39||18||
|0220|PÇ|1||
|0200|P01436-000|KTL TOY-FEST-M-KU-GRN- 600- 400- 230|||PÇ|02|39269090||39||18||
|0220|PÇ|1||
|0200|P01617-000|KTL TOY-FEST-M-KU-DGR- 400- 600- 450|||PÇ|00|39231090||39||18||
|0220|PÇ|1||
|0200|P01618-000|KTL TOY-FEST-M-KU-DGR- 400- 600- 340|||PÇ|00|39231090||39||18||
|0220|PÇ|1||
|0200|P03558-000|VHM TOY-DECK-M-KU-SWA-1.200- 800- 2|||PÇ|00|39269090||39||18||
|0220|PÇ|1||
|0200|P03578-000|VHM TOY-DECK-M-KU-SWA-1.200- 800- 80|||PÇ|02|39269090||39||18||
|0220|PÇ|1||
|0200|P03908-000|VHM BRO-SPAI-M-KU-BLA- 925-1.110- 790|||PÇ|02|39231090||39||18||
|0220|PÇ|1||
|0200|P04608-000|GLT BRO-WELL-E-PA-BEI-1.200-1.000- 600|||PÇ|02|39269090||39||18||
|0220|PÇ|1||
|0200|P04609-000|GLT BRO-WELL-E-PA-BEI-1.120- 960- 690|||PÇ|02|39269090||39||18||
|0220|PÇ|1||
|0200|P07160-000|GLT BRO-GEBI-E-PA-NAT-1.160- 855-1.300|||PÇ|00|48191000||48||18||
|0220|PÇ|1||
|0200|P07174-000|PALLET|||PÇ|00|44152000||44||18||
|0220|PÇ|1||
|0300|000007101737-0002-0000000003|1|OP10: Hot Staking||B07100|48|
|0305|3174B11|Máquina rebitadeira - Quente montagem|120|
|0300|000007101747-0002-0000000001|1|Dispositivos projeto Hyundai SU2B Final Assembly||B07100|48|
|0305|0003174211|Máquina enrolar cabo - Toyota 360B|60|
|0300|000007101784-0002-0000000001|1|Melhoria e dispositivos Hyundai SU2BFinal Assembly||B07100|48|
|0305|0003174211|Máquina de montagem LV - Toyota 360B|60|
|0300|000007101784-0002-0000000002|1|Melhoria e dispositivos Hyundai SU2BFinal Assembly||B07100|48|
|0305|0003174211|Máquina de montagem LV - Toyota 360B|60|
|0300|000007101785-0002-0000000002|1|Dispositivos projeto Hyundai SU2B Final Assembly||B07100|48|
|0305|0003174211|Máquina teste final LV - Toyota 360B|60|
|0300|000007101785-0002-0000000003|1|Dispositivos projeto Hyundai SU2B Final Assembly||B07100|48|
|0305|0003174211|Máquina teste final LV - Toyota 360B|60|
|0300|000007101785-0002-0000000004|1|Dispositivos projeto Hyundai SU2B Final Assembly||B07100|48|
|0305|0003174211|Máquina teste final LV - Toyota 360B|60|
|0300|000007101785-0002-0000000005|1|Dispositivos projeto Hyundai SU2B Final Assembly||B07100|48|
|0305|0003174211|Máquina teste final LV - Toyota 360B|60|
|0300|000007101785-0002-0000000006|1|Dispositivos projeto Hyundai SU2B Final Assembly||B07100|48|
|0305|0003174211|Máquina teste final LV - Toyota 360B|60|
|0300|000007101785-0002-0000000007|1|Dispositivos projeto Hyundai SU2B Final Assembly||B07100|48|
|0305|0003174211|Máquina teste final LV - Toyota 360B|60|
|0300|000007101785-0002-0000000008|1|Dispositivos projeto Hyundai SU2B Final Assembly||B07100|48|
|0305|0003174211|Máquina teste final LV - Toyota 360B|60|
|0300|000007101785-0002-0000000009|1|Dispositivos projeto Hyundai SU2B Final Assembly||B07100|48|
|0305|0003174211|Máquina teste final LV - Toyota 360B|60|
|0300|000007101785-0002-0000000010|1|Dispositivos projeto Hyundai SU2B Final Assembly||B07100|48|
|0305|0003174211|Máquina teste final LV - Toyota 360B|60|
|0300|000007101785-0002-0000000011|1|Dispositivos projeto Hyundai SU2B Final Assembly||B07100|48|
|0305|0003174211|Máquina teste final LV - Toyota 360B|60|
|0300|000007101785-0002-0000000012|1|Dispositivos projeto Hyundai SU2B Final Assembly||B07100|48|
|0305|0003174211|Máquina teste final LV - Toyota 360B|60|
|0300|000007101785-0002-0000000013|1|Dispositivos projeto Hyundai SU2B Final Assembly||B07100|48|
|0305|0003174211|Máquina teste final LV - Toyota 360B|60|
|0300|000007101785-0002-0000000014|1|Dispositivos projeto Hyundai SU2B Final Assembly||B07100|48|
|0305|0003174211|Máquina teste final LV - Toyota 360B|60|
|0300|000007101785-0002-0000000015|1|Dispositivos projeto Hyundai SU2B Final Assembly||B07100|48|
|0305|0003174211|Máquina teste final LV - Toyota 360B|60|
|0300|000007101785-0002-0000000016|1|Dispositivos projeto Hyundai SU2B Final Assembly||B07100|48|
|0305|0003174211|Máquina teste final LV - Toyota 360B|60|
|0300|000007102031-0001-0000000001|1|Inclusão Ford BX755 na pre-assembly Cell||B07100|48|
|0305|0003174211|Máquina pré montagem de trilhos - Toyota 360B|204|
|0300|000007102031-0002-0000000001|1|Melhoria e dispositivos Hyundai SU2B Pre Assembly||B07100|48|
|0305|0003174212|Máquina pré montagem de trilhos - Toyota 360B|204|
|0300|000007102031-0002-0000000002|1|Melhoria e dispositivos Hyundai SU2B Pre Assembly||B07100|48|
|0305|0003174212|Máquina pré montagem de trilhos - Toyota 360B|204|
|0300|000007102031-0003-0000000001|1|MODIFICACAO ESPECIFICACAO GRAXA 3.1 MAQUINA||B07100|48|
|0305|0003174212|Máquina pré montagem de trilhos - Toyota 360B|204|
|0300|000007102031-0003-0000000002|1|MODIFICACAO ESPECIFICACAO GRAXA 3.1 MAQUINA||B07100|48|
|0305|0003174212|Máquina pré montagem de trilhos - Toyota 360B|204|
|0300|000007102031-0003-0000000003|1|MODIFICACAO ESPECIFICACAO GRAXA 3.1 MAQUINA||B07100|48|
|0305|0003174212|Máquina pré montagem de trilhos - Toyota 360B|204|
|0300|000007102031-0003-0000000004|1|MODIFICACAO ESPECIFICACAO GRAXA 3.1 MAQUINA||B07100|48|
|0305|0003174212|Máquina pré montagem de trilhos - Toyota 360B|204|
|0300|000007102031-0003-0000000005|1|MODIFICACAO ESPECIFICACAO GRAXA 3.1 MAQUINA||B07100|48|
|0305|0003174212|Máquina pré montagem de trilhos - Toyota 360B|204|
|0300|000007102031-0003-0000000006|1|MODIFICACAO ESPECIFICACAO GRAXA 3.1 MAQUINA||B07100|48|
|0305|0003174212|Máquina pré montagem de trilhos - Toyota 360B|204|
|0300|000007102031-0003-0000000007|1|MODIFICACAO ESPECIFICACAO GRAXA 3.1 MAQUINA||B07100|48|
|0305|0003174212|Máquina pré montagem de trilhos - Toyota 360B|204|
|0300|000007102031-0003-0000000008|1|MODIFICACAO ESPECIFICACAO GRAXA 3.1 MAQUINA||B07100|48|
|0305|0003174212|Máquina pré montagem de trilhos - Toyota 360B|204|
|0300|000007102031-0003-0000000009|1|MODIFICACAO ESPECIFICACAO GRAXA 3.1 MAQUINA||B07100|48|
|0305|0003174212|Máquina pré montagem de trilhos - Toyota 360B|204|
|0300|000007102031-0003-0000000010|1|MODIFICACAO ESPECIFICACAO GRAXA 3.1 MAQUINA||B07100|48|
|0305|0003174212|Máquina pré montagem de trilhos - Toyota 360B|204|
|0300|000007102031-0004-0000000001|1|Pre Assembly Ford||B07100|48|
|0305|0003174212|Máquina pré montagem de trilhos - Toyota 360B|192|
|0300|000007102159-0000-0000000002|1|Máquina Balanceamento CFM||B07100|48|
|0305|3174B11|Máquina Balanceamento CFM|120|
|0300|000007102159-0000-0000000004|1|Máquina Balanceamento CFM||B07100|48|
|0305|3174B11|Máquina Balanceamento CFM|120|
|0300|000007102160-0000-0000000001|1|OP20: Montagem dos Flaps||B07100|48|
|0305|3174B11|OP20: Montagem dos Flaps|120|
|0300|000007102160-0000-0000000002|1|OP20: Montagem dos Flaps||B07100|48|
|0305|3174B11|OP20: Montagem dos Flaps|120|
|0300|000007102160-0000-0000000004|1|OP20: Montagem dos Flaps||B07100|48|
|0305|3174B11|OP20: Montagem dos Flaps|120|
|0300|000007102160-0000-0000000005|1|OP20: Montagem dos Flaps||B07100|48|
|0305|3174B11|OP20: Montagem dos Flaps|120|
|0300|000007102160-0000-0000000006|1|OP20: Montagem dos Flaps||B07100|48|
|0305|3174B11|OP20: Montagem dos Flaps|120|
|0300|000007102160-0000-0000000007|1|OP20: Montagem dos Flaps||B07100|48|
|0305|3174B11|OP20: Montagem dos Flaps|120|
|0300|000007102160-0000-0000000008|1|OP20: Montagem dos Flaps||B07100|48|
|0305|3174B11|OP20: Montagem dos Flaps|120|
|0300|000007102160-0000-0000000009|1|OP20: Montagem dos Flaps||B07100|48|
|0305|3174B11|OP20: Montagem dos Flaps|120|
|0300|000007102160-0000-0000000010|1|OP20: Montagem dos Flaps||B07100|48|
|0305|3174B11|OP20: Montagem dos Flaps|120|
|0300|000007102160-0000-0000000011|1|OP20: Montagem dos Flaps||B07100|48|
|0305|3174B11|OP20: Montagem dos Flaps|120|
|0300|000007102160-0000-0000000012|1|OP20: Montagem dos Flaps||B07100|48|
|0305|3174B11|OP20: Montagem dos Flaps|120|
|0300|000007102160-0000-0000000013|1|OP20: Montagem dos Flaps||B07100|48|
|0305|3174B11|OP20: Montagem dos Flaps|120|
|0300|000007102160-0000-0000000014|1|OP20: Montagem dos Flaps||B07100|48|
|0305|3174B11|OP20: Montagem dos Flaps|120|
|0300|000007102160-0000-0000000015|1|OP20: Montagem dos Flaps||B07100|48|
|0305|3174B11|OP20: Montagem dos Flaps|120|
|0300|000007102160-0000-0000000016|1|OP20: Montagem dos Flaps||B07100|48|
|0305|3174B11|OP20: Montagem dos Flaps|120|
|0300|000007102160-0000-0000000017|1|OP20: Montagem dos Flaps||B07100|48|
|0305|3174B11|OP20: Montagem dos Flaps|120|
|0300|000007102160-0000-0000000018|1|OP20: Montagem dos Flaps||B07100|48|
|0305|3174B11|OP20: Montagem dos Flaps|120|
|0300|000007102161-0000-0000000003|1|OP30: Parafusamento do Motor no Shroud||B07100|48|
|0305|3174B11|OP30: Parafusamento do Motor no Shroud|120|
|0300|000007102161-0000-0000000004|1|OP30: Parafusamento do Motor no Shroud||B07100|48|
|0305|3174B11|OP30: Parafusamento do Motor no Shroud|120|
|0300|000007102161-0000-0000000005|1|OP30: Parafusamento do Motor no Shroud||B07100|48|
|0305|3174B11|OP30: Parafusamento do Motor no Shroud|120|
|0300|000007102161-0000-0000000006|1|OP30: Parafusamento do Motor no Shroud||B07100|48|
|0305|3174B11|OP30: Parafusamento do Motor no Shroud|120|
|0300|000007102161-0000-0000000007|1|OP30: Parafusamento do Motor no Shroud||B07100|48|
|0305|3174B11|OP30: Parafusamento do Motor no Shroud|120|
|0300|000007102161-0000-0000000008|1|OP30: Parafusamento do Motor no Shroud||B07100|48|
|0305|3174B11|OP30: Parafusamento do Motor no Shroud|120|
|0300|000007102161-0000-0000000009|1|OP30: Parafusamento do Motor no Shroud||B07100|48|
|0305|3174B11|OP30: Parafusamento do Motor no Shroud|120|
|0300|000007102161-0000-0000000010|1|OP30: Parafusamento do Motor no Shroud||B07100|48|
|0305|3174B11|OP30: Parafusamento do Motor no Shroud|120|
|0300|000007102161-0000-0000000011|1|OP30: Parafusamento do Motor no Shroud||B07100|48|
|0305|3174B11|OP30: Parafusamento do Motor no Shroud|120|
|0300|000007102161-0000-0000000012|1|OP30: Parafusamento do Motor no Shroud||B07100|48|
|0305|3174B11|OP30: Parafusamento do Motor no Shroud|120|
|0300|000007102162-0000-0000000003|1|OP50: Identificação e Embalagem||B07100|48|
|0305|3174B11|OP50: Identificação e Embalagem|120|
|0300|000007102162-0000-0000000004|1|OP50: Identificação e Embalagem||B07100|48|
|0305|3174B11|OP50: Identificação e Embalagem|120|
|0300|000007102162-0000-0000000005|1|OP50: Identificação e Embalagem||B07100|48|
|0305|3174B11|OP50: Identificação e Embalagem|120|
|0300|000007102162-0000-0000000006|1|OP50: Identificação e Embalagem||B07100|48|
|0305|3174B11|OP50: Identificação e Embalagem|120|
|0300|000007102162-0000-0000000007|1|OP50: Identificação e Embalagem||B07100|48|
|0305|3174B11|OP50: Identificação e Embalagem|120|
|0300|000007102162-0000-0000000008|1|OP50: Identificação e Embalagem||B07100|48|
|0305|3174B11|OP50: Identificação e Embalagem|120|
|0300|000007102162-0000-0000000009|1|OP50: Identificação e Embalagem||B07100|48|
|0305|3174B11|OP50: Identificação e Embalagem|120|
|0300|000007102162-0000-0000000010|1|OP50: Identificação e Embalagem||B07100|48|
|0305|3174B11|OP50: Identificação e Embalagem|120|
|0300|000007102162-0000-0000000011|1|OP50: Identificação e Embalagem||B07100|48|
|0305|3174B11|OP50: Identificação e Embalagem|120|
|0300|000007102162-0001-0000000001|1|Inclusão VS30 E-fan OP50||B07100|48|
|0305|3174B11|OP50: Identificação e Embalagem|120|
|0300|000007102162-0001-0000000002|1|Inclusão VS30 E-fan OP50||B07100|48|
|0305|3174B11|OP50: Identificação e Embalagem|120|
|0300|000007102162-0001-0000000003|1|Inclusão VS30 E-fan OP50||B07100|48|
|0305|3174B11|OP50: Identificação e Embalagem|120|
|0300|000007102162-0001-0000000004|1|Inclusão VS30 E-fan OP50||B07100|48|
|0305|3174B11|OP50: Identificação e Embalagem|120|
|0300|000007102162-0001-0000000005|1|Inclusão VS30 E-fan OP50||B07100|48|
|0305|3174B11|OP50: Identificação e Embalagem|120|
|0300|000007102162-0001-0000000006|1|Inclusão VS30 E-fan OP50||B07100|48|
|0305|3174B11|OP50: Identificação e Embalagem|120|
|0300|000007102216-0000-0000000001|1|Flapper Door Assembly bench||B07100|48|
|0305|3174B11|Flapper Door Assembly bench|180|
|0300|000007102216-0000-0000000002|1|Flapper Door Assembly bench||B07100|48|
|0305|3174B11|Flapper Door Assembly bench|180|
|0300|000007102216-0000-0000000003|1|Flapper Door Assembly bench||B07100|48|
|0305|3174B11|Flapper Door Assembly bench|180|
|0300|000007102216-0000-0000000004|1|Flapper Door Assembly bench||B07100|48|
|0305|3174B11|Flapper Door Assembly bench|180|
|0300|000007102216-0000-0000000005|1|Flapper Door Assembly bench||B07100|48|
|0305|3174B11|Flapper Door Assembly bench|180|
|0300|000007102216-0000-0000000006|1|Flapper Door Assembly bench||B07100|48|
|0305|3174B11|Flapper Door Assembly bench|180|
|0300|000007102216-0000-0000000008|1|Flapper Door Assembly bench||B07100|48|
|0305|3174B11|Flapper Door Assembly bench|180|
|0300|000007102216-0000-0000000009|1|Flapper Door Assembly bench||B07100|48|
|0305|3174B11|Flapper Door Assembly bench|180|
|0300|000007102216-0000-0000000010|1|Flapper Door Assembly bench||B07100|48|
|0305|3174B11|Flapper Door Assembly bench|180|
|0300|000007102216-0000-0000000011|1|Flapper Door Assembly bench||B07100|48|
|0305|3174B11|Flapper Door Assembly bench|180|
|0300|000007102216-0000-0000000012|1|Flapper Door Assembly bench||B07100|48|
|0305|3174B11|Flapper Door Assembly bench|180|
|0300|000007102216-0000-0000000013|1|Flapper Door Assembly bench||B07100|48|
|0305|3174B11|Flapper Door Assembly bench|180|
|0300|000007102216-0000-0000000014|1|Flapper Door Assembly bench||B07100|48|
|0305|3174B11|Flapper Door Assembly bench|180|
|0300|000007102216-0000-0000000015|1|Flapper Door Assembly bench||B07100|48|
|0305|3174B11|Flapper Door Assembly bench|180|
|0300|000007102216-0000-0000000016|1|Flapper Door Assembly bench||B07100|48|
|0305|3174B11|Flapper Door Assembly bench|180|
|0300|000007102216-0000-0000000017|1|Flapper Door Assembly bench||B07100|48|
|0305|3174B11|Flapper Door Assembly bench|180|
|0300|000007102216-0000-0000000018|1|Flapper Door Assembly bench||B07100|48|
|0305|3174B11|Flapper Door Assembly bench|180|
|0300|000007102216-0000-0000000019|1|Flapper Door Assembly bench||B07100|48|
|0305|3174B11|Flapper Door Assembly bench|180|
|0300|000007102216-0000-0000000020|1|Flapper Door Assembly bench||B07100|48|
|0305|3174B11|Flapper Door Assembly bench|180|
|0300|000007102216-0000-0000000021|1|Flapper Door Assembly bench||B07100|48|
|0305|3174B11|Flapper Door Assembly bench|180|
|0300|000007102216-0000-0000000022|1|Flapper Door Assembly bench||B07100|48|
|0305|3174B11|Flapper Door Assembly bench|180|
|0300|000007102216-0000-0000000023|1|Flapper Door Assembly bench||B07100|48|
|0305|3174B11|Flapper Door Assembly bench|180|
|0300|000007102217-0000-0000000002|1|BBL2 Fan fastening machine||B07100|48|
|0305|3174B11|BBL2 Fan fastening machine|180|
|0300|000007102217-0000-0000000003|1|BBL2 Fan fastening machine||B07100|48|
|0305|3174B11|BBL2 Fan fastening machine|180|
|0300|000007102217-0000-0000000004|1|BBL2 Fan fastening machine||B07100|48|
|0305|3174B11|BBL2 Fan fastening machine|180|
|0300|000007102217-0000-0000000005|1|BBL2 Fan fastening machine||B07100|48|
|0305|3174B11|BBL2 Fan fastening machine|180|
|0300|000007102217-0000-0000000006|1|BBL2 Fan fastening machine||B07100|48|
|0305|3174B11|BBL2 Fan fastening machine|180|
|0300|000007102217-0000-0000000007|1|BBL2 Fan fastening machine||B07100|48|
|0305|3174B11|BBL2 Fan fastening machine|180|
|0300|000007102217-0000-0000000008|1|BBL2 Fan fastening machine||B07100|48|
|0305|3174B11|BBL2 Fan fastening machine|180|
|0300|000007102217-0000-0000000009|1|BBL2 Fan fastening machine||B07100|48|
|0305|3174B11|BBL2 Fan fastening machine|180|
|0300|000007102217-0000-0000000010|1|BBL2 Fan fastening machine||B07100|48|
|0305|3174B11|BBL2 Fan fastening machine|180|
|0300|000007102217-0000-0000000011|1|BBL2 Fan fastening machine||B07100|48|
|0305|3174B11|BBL2 Fan fastening machine|180|
|0300|000007102217-0000-0000000012|1|BBL2 Fan fastening machine||B07100|48|
|0305|3174B11|BBL2 Fan fastening machine|180|
|0300|000007102217-0000-0000000013|1|BBL2 Fan fastening machine||B07100|48|
|0305|3174B11|BBL2 Fan fastening machine|180|
|0300|000007102217-0000-0000000014|1|BBL2 Fan fastening machine||B07100|48|
|0305|3174B11|BBL2 Fan fastening machine|180|
|0300|000007102217-0000-0000000015|1|BBL2 Fan fastening machine||B07100|48|
|0305|3174B11|BBL2 Fan fastening machine|180|
|0300|000007102217-0000-0000000016|1|BBL2 Fan fastening machine||B07100|48|
|0305|3174B11|BBL2 Fan fastening machine|180|
|0300|000007102227-0000-0000000001|1|Pista de roletes para abastecimento de pallets||B07100|48|
|0305|3174B11|Pista de roletes para abastecimento de pallets|120|
|0300|000007102227-0000-0000000002|1|Pista de roletes para abastecimento de pallets||B07100|48|
|0305|3174B11|Pista de roletes para abastecimento de pallets|120|
|0300|000007102228-0000-0000000001|1|Pista de roletes para abastecimento de pallets||B07100|48|
|0305|3174B11|Pista de roletes para abastecimento de pallets|120|
|0300|000007102230-0000-0000000001|1|Pista de roletes para abastecimento de pallets||B07100|48|
|0305|3174B11|Pista de roletes para abastecimento de pallets|120|
|0300|000007102274-0000-0000000001|1|Device OP30 to assy cable into pulley||B07100|48|
|0305|0003174213|Device OP30 to assy cable into pulley|120|
|0300|000007200031-0000-0000000001|1|Battery to forklift||B07200|48|
|0305|0003174070|Battery to forklift|120|
|0300|000007401959-0000-0000000001|1|Specimeter Measumerent Equipament||B07400|48|
|0305|0003174211|Specimeter Measumerent Equipament|48|
|0300|000008101068-0000-0000000001|1|Flowrack para defletor pré-montado||B08100|48|
|0305|3174B11|Flowrack para defletor pré-montado|120|
|0300|000008101068-0000-0000000002|1|Flowrack para defletor pré-montado||B08100|48|
|0305|3174B11|Flowrack para defletor pré-montado|120|
|0300|000008101069-0000-0000000001|1|Flowrack para CFM montado||B08100|48|
|0305|3174B11|Flowrack para CFM montado|120|
|0300|000008101070-0000-0000000001|1|Flowrack para conjunto motor-hélice||B08100|48|
|0305|3174B11|Flowrack para conjunto motor-hélice|120|
|0300|000008300944-0000-0000000001|1|Embalagem Mobil PA para trilhos projeto Creta TS10||B08300|48|
|0305|0003174070|Embalagem Mobil PA para trilhos projeto Creta TS10|60|
|0300|000008300953-0000-0000000001|1|Mini-mobil trilhos Creta||B08300|48|
|0305|0003174070|Mini-mobil trilhos Creta|60|
|0300|000008300954-0000-0000000001|1|161 Plastic Pallet - PN P03869-000||B08300|48|
|0305|0003174213|161 Plastic Pallet - PN P03869-000|120|
|0300|000008300954-0000-0000000002|1|161 Plastic Pallet - PN P03869-000||B08300|48|
|0305|0003174213|161 Plastic Pallet - PN P03869-000|120|
|0300|000008300954-0000-0000000003|1|161 Plastic Pallet - PN P03869-000||B08300|48|
|0305|0003174213|161 Plastic Pallet - PN P03869-000|120|
|0300|000008300955-0000-0000000001|1|161 Plastic Pallet Cover - PN P03868-000||B08300|48|
|0305|0003174213|161 Plastic Pallet Cover - PN P03868-000|120|
|0300|000008300955-0000-0000000002|1|161 Plastic Pallet Cover - PN P03868-000||B08300|48|
|0305|0003174213|161 Plastic Pallet Cover - PN P03868-000|120|
|0300|000008300955-0000-0000000003|1|161 Plastic Pallet Cover - PN P03868-000||B08300|48|
|0305|0003174213|161 Plastic Pallet Cover - PN P03868-000|120|
|0300|000008300955-0000-0000000004|1|161 Plastic Pallet Cover - PN P03868-000||B08300|48|
|0305|0003174213|161 Plastic Pallet Cover - PN P03868-000|120|
|0300|000008300956-0000-0000000001|1|643 Black container - PN P01699-000||B08300|48|
|0305|0003174213|643 Black container - PN P01699-000|120|
|0300|000008300956-0000-0000000002|1|643 Black container - PN P01699-000||B08300|48|
|0305|0003174213|643 Black container - PN P01699-000|120|
|0300|000008300956-0000-0000000003|1|643 Black container - PN P01699-000||B08300|48|
|0305|0003174213|643 Black container - PN P01699-000|120|
|0300|000008300956-0000-0000000004|1|643 Black container - PN P01699-000||B08300|48|
|0305|0003174213|643 Black container - PN P01699-000|120|
|0300|000008300956-0000-0000000005|1|643 Black container - PN P01699-000||B08300|48|
|0305|0003174213|643 Black container - PN P01699-000|120|
|0300|000008300956-0000-0000000006|1|643 Black container - PN P01699-000||B08300|48|
|0305|0003174213|643 Black container - PN P01699-000|120|
|0300|000008300956-0000-0000000007|1|643 Black container - PN P01699-000||B08300|48|
|0305|0003174213|643 Black container - PN P01699-000|120|
|0300|000008300957-0000-0000000001|1|643 Blue Container - PN P01698-000||B08300|48|
|0305|0003174213|643 Blue Container - PN P01698-000|120|
|0300|000008300957-0000-0000000002|1|643 Blue Container - PN P01698-000||B08300|48|
|0305|0003174213|643 Blue Container - PN P01698-000|120|
|0300|000008300957-0000-0000000003|1|643 Blue Container - PN P01698-000||B08300|48|
|0305|0003174213|643 Blue Container - PN P01698-000|120|
|0300|000008300957-0000-0000000004|1|643 Blue Container - PN P01698-000||B08300|48|
|0305|0003174213|643 Blue Container - PN P01698-000|120|
|0300|000008300957-0000-0000000005|1|643 Blue Container - PN P01698-000||B08300|48|
|0305|0003174213|643 Blue Container - PN P01698-000|120|
|0300|000008300957-0000-0000000006|1|643 Blue Container - PN P01698-000||B08300|48|
|0305|0003174213|643 Blue Container - PN P01698-000|120|
|0300|000008300957-0000-0000000007|1|643 Blue Container - PN P01698-000||B08300|48|
|0305|0003174213|643 Blue Container - PN P01698-000|120|
|0300|000008603946-0000-0000000001|1|Monitor Touchscreen Elo M-Series 1502L 15" - CFM||B08600|48|
|0305|3174B11|Monitor Touchscreen Elo M-Series 1502L 15" - CFM|60|
|0300|000008603947-0000-0000000001|1|Monitor Touchscreen Elo M-Series 1502L 15" - CFM||B08600|48|
|0305|3174B11|Monitor Touchscreen Elo M-Series 1502L 15" - CFM|60|
|0300|000008604054-0000-0000000001|1|Storage G350 Small||B08600|48|
|0305|0003174040|Storage G350 Small|60|
|0400|1903/AA|Entrada merc. rem. p/ ind. ñ apl. ref. processo|
|0400|1920/AA|Entrada de vasilhame ou sacaria|
|0400|2101/AA|Compra para industrialização|
|0400|2151/AA|Transferência para industrialização|
|0400|1124/AA|Industrialização efetuada por outra empresa|
|0400|1101/AA|Compra para industrialização|
|0400|1921/AA|Retorno de vasilhame ou sacaria|
|0400|2920/AA|Entrada de vasilhame ou sacaria|
|0400|2921/AA|Retorno de vasilhame ou sacaria|
|0400|2557/AA|Transferência de material para uso ou consumo|
|0400|2552/AA|Transferência de bem do ativo imobilizado|
|0400|1949/AA|Outra ent. merc. prest. serv. não especificada|
|0400|1901/AA|Entrada para industrialização por encomenda|
|0400|1556/AA|Compra de material para uso ou consumo|
|0400|1201/AA|Devolução de venda de produção do estabelecimento|
|0400|2556/AA|Compra de material para uso ou consumo|
|0450|000001|suspenso  Art. 93 inc.7 do RICMS/PR|
|0450|000002|IPI - Suspenso cfe. Art 136-Inc III Dec7212|
|0450|000003|Retenção de 0,5% de COFINS cfe. Lei 10.485/02|
|0450|000004|Retenção de 0,1% de PIS cfe Lei 10.485/02|
|0450|000005|Suspensão do ICMS|
|0450|000006|IPI - Suspenso cfe. Art.43 Dec. 7212/2010|
|0450|000007|Diferimento conforme Regime Especial|
|0450|000008|Resolução do Senado Federal nº 13/12, Número da FCI 851F9156-1C81-4CF9-919C-7A34D785DB44|
|0450|000009|Resolução do Senado Federal nº 13/12, Número da FCI 1B90B1AD-41E4-4A6B-B0D5-723380F75D29|
|0450|000010|Resolução do Senado Federal nº 13/12, Número da FCI 07FF31F9-5126-4D7D-A8E2-2CA1FCC76402|
|0450|000011|Resolução do Senado Federal nº 13/12, Número da FCI B9F5340B-D386-4F7A-9DDB-CA9E797DEA09|
|0450|000012|Isento ou não sujeito a ICMS|
|0450|000013|COFINS sem incidencia cfe. Art. º 6 Lei 10833/03|
|0450|000014|PIS sem incidencia cfe.Art. º 5 Lei 10637/02|
|0450|000015|Isento ou não sujeito a ICMS Isento ou não sujeito a IPI cfe Art.54 Dec.7212/10 Aquisição sem direito a crédito do COFINS cfe. Parag, 2º Art. º 3 Lei 10 Aquisição sem direito a crédito de PIS cfe. Parag, 2º Art. º 3 Lei 10637|
|0450|000016|Isento ou não sujeito a IPI cfe Art.54 Dec.7212/10 COFINS com direito a credito cfe. Art. º 3 Lei 10833/03 PIS com direito a credito cfe. Art. º 3 Lei 10637/02|
|0450|000017|COFINS com direito a credito cfe. Art. º 3 Lei 10833/03|
|0450|000018|PIS com direito a credito cfe. Art. º 3 Lei 10637/02|
|0450|000019|LOTE: AG635A02I1|
|0450|000020|REMESSA SIMBOLICA INDUSTRIALIZAÇÃO POR ENCOMENDA|
|0450|000021|LOTE: AI161A01A|
|0450|000022|isento cfe. Art. 7° paragrafo 1°, item 2 letra b do RICMS/SP|
|0450|000023|IPI - Suspenso cfe. Art. 43 Dec. 7212/2010|
|0450|000024|isento cfe.  Art. 3°, inciso II do RICMS/PR|
|0450|000025|Outros/as|
|0450|000026|COFINS isento cfe. Art º 1º Par 3º item I Lei 10833/03|
|0450|000027|PIS isento cfe. Art º 1º Par 3º item I Lei 10637/02|
|0450|000028|E46961-102 (52199232); C63443-104 (52005757); C80652-103 (52045653);|
|0450|000029|C63442-104 (52005759); C80653-103 (52045654); C80653-103 (52045654);|
|0450|000030|IPI - Suspenso cfe. Art. 43° Decreto 7212/10|
|0450|000031|0002138067|
|0450|000032|Isento ou não sujeito a IPI cfe Art.54 Dec.7212/10|
|0450|000033|isento cfe.  anexo 1, item 138 do RICMS/PR|
|0450|000034|IPI valor de restituição|
|0450|000035|Isento cfe. artigo 82, anexo 1 do RICMS/SP|
|0450|000036|Resolução do Senado Federal nº 13/12, Número da FCI F5DA1DAE-4727-46ED-9329-B11B90DFA525|
|0450|000037|LOTE: AI174A02A|
|0450|000038|LOTE: AH886B02A|
|0450|000039|IPI - Suspenso cfe. Art 43 inc.III Dec. 7212/2010|
|0450|000040|Embarque tributado integralmente.|
|0450|000041|Material de nossa propriedade que ora segue para Remessa para Teste|
|0450|000042|a ser enviado por sua conta e ordem para a empresa MTC Soluções Logístic|
|0450|000043|estabelecida na Estrada Galvão Bueno, 3.300 CL Imigrantes 2 - Galpão 12|
|0450|000044|Bairro Batistini - São Bernardo do Campo - SP CEP 09842-080, inscrita no|
|0450|000045|CNPJ 15.654.208/0002-82 e IE 799.003.449.114.|
|0450|000046|Complementar ref NFs 9990, 9954, 10095, 10172, 10187, 10232, 10258,|
|0450|000047|10374, 10541, 10511, 10460, 10416, 10595, 10672, 10749, 10811, 10865,|
|0450|000048|10922, 10983, 11043, 11091, 11156, 11214 - LUMPSUM 10521|
|0450|000049|PEDIDO 223467|
|0460|000001|Consumo|
|0460|000002|110|
|0460|000003|111|
|0460|000004|Ativo Fixo|
|0460|000005|Devolução NF 000749130-20,22/07/2023|
|0460|000006|Devolução NF 000253456-3,21/09/2023|
|0460|000007|Devolução NF 000756960-20,29/08/2023|
|0460|000008|Dif. Aliq.:70,29|
|0460|000009|Devolução NF 000010917-6,24/07/2023|
|0460|000010|Dif. Aliq.:10,48|
|0460|000011|Dif. Aliq.:2,18|
|0460|000012|Dif. Aliq.:2,18|
|0460|000013|Dif. Aliq.:18,97|
|0460|000014|Dif. Aliq.:4,50|
|0460|000015|Dif. Aliq.:2,50|
|0460|000016|Dif. Aliq.:5,41|
|0460|000017|NF Complementar a NF 000009990-6,14/03/2023|
|0460|000018|NF Complementar a NF 000009954-6,08/03/2023|
|0460|000019|NF Complementar a NF 000009597-6,20/12/2022|
|0500|29052006|01|A|6|B07100|M.E. Máq/Equip p/Fabric Process/Trnasf|
|0500|29052006|01|A|6|B07200|M. E. IME Geração e transformação de energia|
|0500|29052006|01|A|6|B07400|M. E. Área, máquinas e equipamentos de teste|
|0500|29052006|01|A|6|B08100|M. E. Equipamentos das Oficinas|
|0500|29052006|01|A|6|B08300|Equipamentos de Transporte|
|0500|29052006|01|A|6|B08600|Equipamento de Processamento de Dados|
|0600|23072019|3174B11|Diretor Superintende|
|0600|15062018|0003174211|Diretor Superintende|
|0600|26112019|0003174212|Diretor Superintende|
|0600|05082020|0003174213|Diretor Superintende|
|0600|30082016|0003174070|Logistica|
|0600|30082016|0003174040|Tecnologia Informati|
|0990|1000|
|B001|1|
|B990|2|
|C001|0|
|C100|0|1|V0000044990|55|00|001|66817|35231064999527000154550010000668171033021004|03102023|03102023|1127,45|2|0|0|1127,45|9|0|0|0|0|0|0|0|0|0|0|0|0|
|C110|000001||
|C110|000002||
|C170|1|E44609-000|Chapa 1,20- 615,0-IN DX53D___________-N|55,96|KG|487,31|0|0|050|1903|1903/AA|0|0|0|0|0|0|0|05||0|0|0|98|0|0|0|0|0|98|0|0|0|0|0||0|
|C170|2|E44608-000|Chapa 1,50- 620,0-IN DX53D___________-N|76,27|KG|640,14|0|0|050|1903|1903/AA|0|0|0|0|0|0|0|05||0|0|0|98|0|0|0|0|0|98|0|0|0|0|0||0|
|C190|050|1903|0|1127,45|0|0|0|0|0|0||
|C100|1|0|C0000007343|55|00|006|11484|35231002258243000745550060000114841317057890|03102023|03102023|56062,08|1|0|0|56062,08|0|0|0|0|0|0|0|0|0|925,02|4260,72|0|0|
|C110|000002||
|C110|000003||
|C110|000004||
|C190|000|5920|0|56062,08|0|0|0|0|0|0||
|C100|1|0|C0000007343|55|00|006|11483|35231002258243000745550060000114831682949447|03102023|03102023|78689,28|1|0|0|78689,28|0|0|0|0|29806,08|5365,1|0|0|0|1298,38|5980,38|0|0|
|C110|000002||
|C110|000005||
|C110|000006||
|C190|000|5125|18|29806,08|29806,08|5365,1|0|0|0|0||
|C190|050|5925|0|48883,2|0|0|0|0|0|0||
|C100|1|0|C0000007343|55|00|006|11486|35231002258243000745550060000114861012808837|03102023|03102023|56062,08|1|0|0|56062,08|0|0|0|0|0|0|0|0|0|925,02|4260,72|0|0|
|C110|000002||
|C110|000003||
|C110|000004||
|C190|000|5920|0|56062,08|0|0|0|0|0|0||
|C100|1|0|C0000007343|55|00|006|11485|35231002258243000745550060000114851533003287|03102023|03102023|78508,8|1|0|0|78508,8|0|0|0|0|30312,96|5456,34|0|0|0|1295,39|5966,66|0|0|
|C110|000002||
|C110|000005||
|C110|000006||
|C190|000|5125|18|30312,96|30312,96|5456,34|0|0|0|0||
|C190|050|5925|0|48195,84|0|0|0|0|0|0||
|C100|1|0|C0000006733|55|00|006|11487|35231002258243000745550060000114871188196084|03102023|03102023|69648,6|0|0|0|69648,6|1|0|0|0|69648,6|8358,26|0|0|0|1149,2|5293,3|0|0|
|C110|000007||
|C110|000002||
|C110|000008||
|C110|000009||
|C110|000010||
|C110|000011||
|C190|551|5101|18|69648,6|69648,6|8358,26|0|0|0|0||
|C100|0|1|V0000012504|55|00|005|696947|35231059104760000353550050006969471007165325|03102023|04102023|29283,4|2|0|0|29283,4|9|0|0|0|0|0|0|0|0|0|0|0|0|
|C110|000012||
|C110|000002||
|C170|1|P01618-000|KTL TOY-FEST-M-KU-DGR- 400- 600- 340|76|PÇ|15406,72|0|0|040|1920|1920/AA|0|0|0|0|0|0|0|05||0|0|0|98|0|0|0|0|0|98|0|0|0|0|0||0|
|C170|2|P01617-000|KTL TOY-FEST-M-KU-DGR- 400- 600- 450|40|PÇ|10071,2|0|0|040|1920|1920/AA|0|0|0|0|0|0|0|05||0|0|0|98|0|0|0|0|0|98|0|0|0|0|0||0|
|C170|3|P03558-000|VHM TOY-DECK-M-KU-SWA-1.200- 800- 2|14|PÇ|1538,32|0|0|040|1920|1920/AA|0|0|0|0|0|0|0|05||0|0|0|98|0|0|0|0|0|98|0|0|0|0|0||0|
|C170|4|P00410-000|GLT TOY-PALE-M-KU-SWA-1.200- 800- 50|14|PÇ|2267,16|0|0|040|1920|1920/AA|0|0|0|0|0|0|0|05||0|0|0|98|0|0|0|0|0|98|0|0|0|0|0||0|
|C190|040|1920|0|29283,4|0|0|0|0|0|0||
|C100|1|0|C0000006733|55|00|006|11488|35231002258243000745550060000114881216617112|04102023|04102023|9021,84|0|0|0|9021,84|1|0|0|0|0|0|0|0|0|148,86|685,66|0|0|
|C110|000002||
|C110|000006||
|C110|000013||
|C110|000014||
|C190|000|5920|0|9021,84|0|0|0|0|0|0||
|C100|0|1|V0000012504|55|00|005|696683|35230959104760000353550050006966831007162652|29092023|04102023|25813,14|2|0|0|25813,14|9|0|0|0|0|0|0|0|0|0|0|0|0|
|C110|000012||
|C110|000002||
|C170|1|P01618-000|KTL TOY-FEST-M-KU-DGR- 400- 600- 340|48|PÇ|9730,56|0|0|040|1920|1920/AA|0|0|0|0|0|0|0|05||0|0|0|98|0|0|0|0|0|98|0|0|0|0|0||0|
|C170|2|P01617-000|KTL TOY-FEST-M-KU-DGR- 400- 600- 450|52|PÇ|13092,56|0|0|040|1920|1920/AA|0|0|0|0|0|0|0|05||0|0|0|98|0|0|0|0|0|98|0|0|0|0|0||0|
|C170|3|P03558-000|VHM TOY-DECK-M-KU-SWA-1.200- 800- 2|11|PÇ|1208,68|0|0|040|1920|1920/AA|0|0|0|0|0|0|0|05||0|0|0|98|0|0|0|0|0|98|0|0|0|0|0||0|
|C170|4|P00410-000|GLT TOY-PALE-M-KU-SWA-1.200- 800- 50|11|PÇ|1781,34|0|0|040|1920|1920/AA|0|0|0|0|0|0|0|05||0|0|0|98|0|0|0|0|0|98|0|0|0|0|0||0|
|C190|040|1920|0|25813,14|0|0|0|0|0|0||
|C100|0|1|V0000012504|55|00|005|696862|35231059104760000353550050006968621007164460|03102023|04102023|24070,72|2|0|0|24070,72|9|0|0|0|0|0|0|0|0|0|0|0|0|
|C110|000012||
|C110|000002||
|C170|1|P01618-000|KTL TOY-FEST-M-KU-DGR- 400- 600- 340|48|PÇ|9730,56|0|0|040|1920|1920/AA|0|0|0|0|0|0|0|05||0|0|0|98|0|0|0|0|0|98|0|0|0|0|0||0|
|C170|2|P01617-000|KTL TOY-FEST-M-KU-DGR- 400- 600- 450|44|PÇ|11078,32|0|0|040|1920|1920/AA|0|0|0|0|0|0|0|05||0|0|0|98|0|0|0|0|0|98|0|0|0|0|0||0|
|C170|3|P03558-000|VHM TOY-DECK-M-KU-SWA-1.200- 800- 2|12|PÇ|1318,56|0|0|040|1920|1920/AA|0|0|0|0|0|0|0|05||0|0|0|98|0|0|0|0|0|98|0|0|0|0|0||0|
|C170|4|P00410-000|GLT TOY-PALE-M-KU-SWA-1.200- 800- 50|12|PÇ|1943,28|0|0|040|1920|1920/AA|0|0|0|0|0|0|0|05||0|0|0|98|0|0|0|0|0|98|0|0|0|0|0||0|
|C190|040|1920|0|24070,72|0|0|0|0|0|0||
|C100|0|1|V0000012504|55|00|005|696785|35231059104760000353550050006967851007163683|02102023|04102023|29453,72|2|0|0|29453,72|9|0|0|0|0|0|0|0|0|0|0|0|0|
|C110|000012||
|C110|000002||
|C170|1|P01618-000|KTL TOY-FEST-M-KU-DGR- 400- 600- 340|52|PÇ|10541,44|0|0|040|1920|1920/AA|0|0|0|0|0|0|0|05||0|0|0|98|0|0|0|0|0|98|0|0|0|0|0||0|
|C170|2|P01617-000|KTL TOY-FEST-M-KU-DGR- 400- 600- 450|60|PÇ|15106,8|0|0|040|1920|1920/AA|0|0|0|0|0|0|0|05||0|0|0|98|0|0|0|0|0|98|0|0|0|0|0||0|
|C170|3|P03558-000|VHM TOY-DECK-M-KU-SWA-1.200- 800- 2|14|PÇ|1538,32|0|0|040|1920|1920/AA|0|0|0|0|0|0|0|05||0|0|0|98|0|0|0|0|0|98|0|0|0|0|0||0|
|C170|4|P00410-000|GLT TOY-PALE-M-KU-SWA-1.200- 800- 50|14|PÇ|2267,16|0|0|040|1920|1920/AA|0|0|0|0|0|0|0|05||0|0|0|98|0|0|0|0|0|98|0|0|0|0|0||0|
|C190|040|1920|0|29453,72|0|0|0|0|0|0||
|C100|1|0|C0000006733|55|00|006|11489|35231002258243000745550060000114891861415882|04102023|04102023|68151,3|0|0|0|68151,3|1|0|0|0|68151,3|8178,56|0|0|0|1124,5|5179,5|0|0|
|C110|000007||
|C110|000002||
|C110|000008||
|C110|000009||
|C110|000010||
|C110|000011||
|C190|551|5101|18|68151,3|68151,3|8178,56|0|0|0|0||
|C100|1|0|C0000006733|55|00|006|11490|35231002258243000745550060000114901193324554|04102023|04102023|69648,6|0|0|0|69648,6|1|0|0|0|69648,6|8358,26|0|0|0|1149,2|5293,3|0|0|
|C110|000007||
|C110|000002||
|C110|000008||
|C110|000009||
|C110|000010||
|C110|000011||
|C190|551|5101|18|69648,6|69648,6|8358,26|0|0|0|0||
|C100|1|0|C0000006733|55|00|006|11491|35231002258243000745550060000114911247102322|04102023|04102023|9021,84|0|0|0|9021,84|1|0|0|0|0|0|0|0|0|148,86|685,66|0|0|
|C110|000002||
|C110|000006||
|C110|000013||
|C110|000014||
|C190|000|5920|0|9021,84|0|0|0|0|0|0||
|C100|1|0|C0000006733|55|00|006|11492|35231002258243000745550060000114921207780408|04102023|04102023|9021,84|0|0|0|9021,84|1|0|0|0|0|0|0|0|0|148,86|685,66|0|0|
|C110|000002||
|C110|000006||
|C110|000013||
|C110|000014||
|C190|000|5920|0|9021,84|0|0|0|0|0|0||
|C100|1|0|C0000006733|55|00|006|11493|35231002258243000745550060000114931255147334|04102023|04102023|9021,84|0|0|0|9021,84|1|0|0|0|0|0|0|0|0|148,86|685,66|0|0|
|C110|000002||
|C110|000006||
|C110|000013||
|C110|000014||
|C190|000|5920|0|9021,84|0|0|0|0|0|0||
|C100|1|0|C0000006733|55|00|006|11494|35231002258243000745550060000114941286386664|04102023|04102023|69648,6|0|0|0|69648,6|1|0|0|0|69648,6|8358,26|0|0|0|1149,2|5293,3|0|0|
|C110|000007||
|C110|000002||
|C110|000008||
|C110|000009||
|C110|000010||
|C110|000011||
|C190|551|5101|18|69648,6|69648,6|8358,26|0|0|0|0||
|C100|1|0||55|02|006|11495|35231002258243000745550060000114951778460458|||||||||||||||||||||
|C100|0|1|V0000087565|55|00|001|3423|41230834904448000151550010000034231006777719|30082023|04102023|8959|1|0|0|8959|0|0|0|0|8959|1075,08|0|0|0|147,82|680,88|0|0|
|C110|000002||
|C110|000017||
|C110|000018||
|C170|1|M2023103|CONJUNTO P073 - FORD - 9pc por conjunto|50|PÇ|8959|0|0|000|2101|2101/AA|8959|12|1075,08|0|0|0|0|05||0|0|0|56|8959|1,65|0|0|147,82|56|8959|7,6|0|0|680,88|0000080800|0|
|C190|000|2101|12|8959|8959|1075,08|0|0|0|0||
|C100|0|1|V0000087565|55|00|001|3422|41230834904448000151550010000034221002666346|30082023|04102023|8959|1|0|0|8959|0|0|0|0|8959|1075,08|0|0|0|147,82|680,88|0|0|
|C110|000002||
|C110|000017||
|C110|000018||
|C170|1|M2023103|CONJUNTO P073 - FORD - 9pc por conjunto|50|PÇ|8959|0|0|000|2101|2101/AA|8959|12|1075,08|0|0|0|0|05||0|0|0|56|8959|1,65|0|0|147,82|56|8959|7,6|0|0|680,88|0000080800|0|
|C190|000|2101|12|8959|8959|1075,08|0|0|0|0||
|C100|0|1|V0000087565|55|00|001|3424|41230834904448000151550010000034241000651966|30082023|04102023|8959|1|0|0|8959|0|0|0|0|8959|1075,08|0|0|0|147,82|680,88|0|0|
|C110|000002||
|C110|000017||
|C110|000018||
|C170|1|M2023103|CONJUNTO P073 - FORD - 9pc por conjunto|50|PÇ|8959|0|0|000|2101|2101/AA|8959|12|1075,08|0|0|0|0|05||0|0|0|56|8959|1,65|0|0|147,82|56|8959|7,6|0|0|680,88|0000080800|0|
|C190|000|2101|12|8959|8959|1075,08|0|0|0|0||
|C100|0|1|V0000087565|55|00|001|3425|41230834904448000151550010000034251002849841|30082023|04102023|8959|1|0|0|8959|0|0|0|0|8959|1075,08|0|0|0|147,82|680,88|0|0|
|C110|000002||
|C110|000017||
|C110|000018||
|C170|1|M2023103|CONJUNTO P073 - FORD - 9pc por conjunto|50|PÇ|8959|0|0|000|2101|2101/AA|8959|12|1075,08|0|0|0|0|05||0|0|0|56|8959|1,65|0|0|147,82|56|8959|7,6|0|0|680,88|0000080800|0|
|C190|000|2101|12|8959|8959|1075,08|0|0|0|0||
|C100|1|0|V0000044990|55|00|006|11497|35231002258243000745550060000114971828882681|04102023|04102023|42391,03|2|0|0|42391,03|1|0|0|0|0|0|0|0|0|0|0|0|0|
|C110|000019||
|C110|000020||
|C110|000001||
|C110|000006||
|C110|000013||
|C110|000014||
|C190|050|5949|0|42391,03|0|0|0|0|0|0||
|C195|000002|110|
|C100|1|0|V0000044990|55|00|006|11498|35231002258243000745550060000114981505409892|04102023|04102023|91551,93|2|0|0|91551,93|1|0|0|0|0|0|0|0|0|0|0|0|0|
|C110|000021||
|C110|000020||
|C110|000001||
|C110|000006||
|C110|000013||
|C110|000014||
|C190|050|5949|0|91551,93|0|0|0|0|0|0||
|C195|000002|110|
|C100|1|0||55|02|006|11496|35231002258243000745550060000114961288851431|||||||||||||||||||||
|C100|1|0|C0000002543|55|00|006|11499|35231002258243000745550060000114991480563530|04102023|04102023|227156,3|1|0|0|227156,3|1|0|0|0|0|0|0|0|0|733,48|3378,44|0|0|
|C110|000022||
|C110|000023||
|C110|000013||
|C110|000014||
|C190|041|7101|0|227156,3|0|0|0|0|0|0||
|C100|1|0|C0000002543|55|00|006|11500|35231002258243000745550060000115001030213387|04102023|04102023|287237,55|1|0|0|287237,55|1|0|0|0|0|0|0|0|0|927,48|4272,02|0|0|
|C110|000024||
|C110|000023||
|C110|000013||
|C110|000014||
|C190|041|7101|0|287237,55|0|0|0|0|0|0||
|C100|0|1|B00310001|55|00|002|325956|41230902258243000150550020003259561714430147|28092023|04102023|6257,42|2|0|0|6257,42|0|0|0|0|6257,42|750,89|0|0|0|0|0|0|0|
|C110|000002||
|C170|1|E35585-102|Cabo Bowden FH FH-L_-1TEIL-360B_|3100|PÇ|6257,42|0|0|000|2151|2151/AA|6257,42|12|750,89|0|0|0|0|05||0|0|0|98|0|0|0|0|0|98|0|0|0|0|0||0|
|C190|000|2151|12|6257,42|6257,42|750,89|0|0|0|0||
|C100|0|1|B00310001|55|00|002|325957|41230902258243000150550020003259571757971872|28092023|04102023|9252,78|2|0|0|9252,78|0|0|0|0|9252,78|1110,33|0|0|0|0|0|0|0|
|C110|000002||
|C170|1|E71031-101|Cabo Bowden FH FH-S_-OFFEN-SUV__|9500|PÇ|9252,78|0|0|000|2151|2151/AA|9252,78|12|1110,33|0|0|0|0|05||0|0|0|98|0|0|0|0|0|98|0|0|0|0|0||0|
|C190|000|2151|12|9252,78|9252,78|1110,33|0|0|0|0||
|C100|1|0|C0000004008|55|00|006|11501|35231002258243000745550060000115011236269610|04102023|04102023|100|2|0|0|100|9|0|0|0|0|0|0|0|0|0|0|0|0|
|C110|000025||
|C110|000026||
|C110|000027||
|C190|090|5949|0|100|0|0|0|0|0|0||
|C100|0|1|V0000048415|55|00|005|493817|41230943375930000132550050004938171911305559|27092023|04102023|313075,2|1|0|0|313075,2|1|0|0|0|313075,2|12523|0|0|0|5165,76|23793,72|0|0|
|C110|000002||
|C110|000017||
|C110|000018||
|C170|1|E17699-100|WRD Q-A-W-E-10-90_-AS-WR19_-E-1-360B_-N|960|PÇ|78268,8|0|0|000|2101|2101/AA|78268,8|4|3130,75|0|0|0|0|05||0|0|0|56|78268,8|1,65|0|0|1291,44|56|78268,8|7,6|0|0|5948,43|0000080800|0|
|C170|2|E17690-100|WRD P-A-W-E-10-90_-AS-WR19_-E-1-360B_-N|960|PÇ|78268,8|0|0|000|2101|2101/AA|78268,8|4|3130,75|0|0|0|0|05||0|0|0|56|78268,8|1,65|0|0|1291,44|56|78268,8|7,6|0|0|5948,43|0000080800|0|
|C170|3|E17701-100|WRD Q-A-W-E-10-90_-AS-WR19_-E-1-360B_-N|960|PÇ|78268,8|0|0|000|2101|2101/AA|78268,8|4|3130,75|0|0|0|0|05||0|0|0|56|78268,8|1,65|0|0|1291,44|56|78268,8|7,6|0|0|5948,43|0000080800|0|
|C170|4|E17700-100|WRD P-A-W-E-10-90_-AS-WR19_-E-1-360B_-N|960|PÇ|78268,8|0|0|000|2101|2101/AA|78268,8|4|3130,75|0|0|0|0|05||0|0|0|56|78268,8|1,65|0|0|1291,44|56|78268,8|7,6|0|0|5948,43|0000080800|0|
|C190|000|2101|4|313075,2|313075,2|12523|0|0|0|0||
|C100|1|0|C0000004008|55|00|006|11502|35231002258243000745550060000115021729523537|05102023|05102023|2400|2|0|0|2400|9|0|0|0|0|0|0|0|0|0|0|0|0|
|C110|000025||
|C110|000026||
|C110|000027||
|C190|090|5949|0|2400|0|0|0|0|0|0||
|C100|0|1|V0000044990|55|00|001|66772|35231064999527000154550010000667721031492804|02102023|05102023|380,88|1|0|0|380,88|1|0|0|0|0|0|0|0|0|6,28|28,95|0,38|1,9|
|C110|000012||
|C110|000002||
|C110|000017||
|C110|000018||
|C170|1|E35197-100|Barra de guia FH FH-L_-SE-___KSP-360B_-N|1200|PÇ|380,88|0|0|040|1124|1124/AA|0|0|0|0|0|0|0|05||0|0|0|56|380,88|1,65|0|0|6,28|56|380,88|7,6|0|0|28,95|0000080800|0|
|C190|040|1124|0|380,88|0|0|0|0|0|0||
|C195|000003|111|
|C100|0|1|V0000044990|55|00|001|66773|35231064999527000154550010000667731031492801|02102023|05102023|476,1|1|0|0|476,1|1|0|0|0|0|0|0|0|0|7,86|36,18|0,48|2,38|
|C110|000012||
|C110|000002||
|C110|000017||
|C110|000018||
|C170|1|E35198-100|Barra de guia FH FH-R_-SE-___KSP-360B_-N|1500|PÇ|476,1|0|0|040|1124|1124/AA|0|0|0|0|0|0|0|05||0|0|0|56|476,1|1,65|0|0|7,86|56|476,1|7,6|0|0|36,18|0000080800|0|
|C190|040|1124|0|476,1|0|0|0|0|0|0||
|C195|000003|111|
|C100|0|1|V0000044990|55|00|001|66774|35231064999527000154550010000667741031492809|02102023|05102023|104,76|1|0|0|104,76|1|0|0|0|0|0|0|0|0|1,73|7,96|0,1|0,52|
|C110|000012||
|C110|000002||
|C110|000017||
|C110|000018||
|C170|1|E35199-100|Barra de guia FH FH-L_-SE-___KSP-360B_-N|300|PÇ|104,76|0|0|040|1124|1124/AA|0|0|0|0|0|0|0|05||0|0|0|56|104,76|1,65|0|0|1,73|56|104,76|7,6|0|0|7,96|0000080800|0|
|C190|040|1124|0|104,76|0|0|0|0|0|0||
|C195|000003|111|
|C100|0|1|V0000044990|55|00|001|66775|35231064999527000154550010000667751031492806|02102023|05102023|523,8|1|0|0|523,8|1|0|0|0|0|0|0|0|0|8,64|39,81|0,52|2,62|
|C110|000012||
|C110|000002||
|C110|000017||
|C110|000018||
|C170|1|E35200-100|Barra de guia FH FH-R_-SE-___KSP-360B_-N|1500|PÇ|523,8|0|0|040|1124|1124/AA|0|0|0|0|0|0|0|05||0|0|0|56|523,8|1,65|0|0|8,64|56|523,8|7,6|0|0|39,81|0000080800|0|
|C190|040|1124|0|523,8|0|0|0|0|0|0||
|C195|000003|111|
|C100|0|1|V0000066331|55|00|000|644090|35230933042730002239550000006440901849232636|29092023|05102023|44917,32|1|0|0|43503,46|1|0|0|0|43503,46|7830,62|0|0|1413,86|717,81|3306,26|0|0|
|C110|000017||
|C110|000018||
|C170|1|E44609-000|Chapa 1,20- 615,0-IN DX53D___________-N|4868|KG|43503,46|0|0|000|1101|1101/AA|43503,46|18|7830,62|0|0|0|0|00||43503,46|3,25|1413,86|56|43503,46|1,65|0|0|717,81|56|43503,46|7,6|0|0|3306,26|0000080800|0|
|C190|000|1101|18|44917,32|43503,46|7830,62|0|0|0|1413,86||
|C100|0|1|V0000066331|55|00|000|644468|35230933042730002239550000006444681254796712|29092023|05102023|97675,35|1|0|0|94600,82|1|0|0|0|94600,82|17028,15|0|0|3074,53|1560,91|7189,66|0|0|
|C110|000017||
|C110|000018||
|C170|1|E44608-000|Chapa 1,50- 620,0-IN DX53D___________-N|10908|KG|94600,82|0|0|000|1101|1101/AA|94600,82|18|17028,15|0|0|0|0|00||94600,82|3,25|3074,53|56|94600,82|1,65|0|0|1560,91|56|94600,82|7,6|0|0|7189,66|0000080800|0|
|C190|000|1101|18|97675,35|94600,82|17028,15|0|0|0|3074,53||
|C100|0|1|V0000089798|55|00|001|300405|31230925170937000136550010003004051395991722|30092023|05102023|58716,47|1|0|0|58716,47|1|0|0|0|58716,46|7045,98|0|0|0|968,82|4462,45|0|0|
|C110|000002||
|C110|000017||
|C110|000018||
|C170|1|G26425-100|Shroud KL-EC-EIN-. 8-P703_|600|PÇ|8241,9|0|0|000|2101|2101/AA|8241,9|12|989,03|0|0|0|0|05||0|0|0|56|8241,9|1,65|0|0|135,99|56|8241,9|7,6|0|0|626,38|0000080800|0|
|C170|2|G25442-101|Fan KL-EC-530-. 8-U375_|520|PÇ|15086,91|0|0|000|2101|2101/AA|15086,91|12|1810,43|0|0|0|0|05||0|0|0|56|15086,91|1,65|0|0|248,93|56|15086,91|7,6|0|0|1146,61|0000080800|0|
|C170|3|G25949-102|Shroud KL-EC-EIN-. 8-P703_|570|PÇ|35387,66|0|0|000|2101|2101/AA|35387,65|12|4246,52|0|0|0|0|05||0|0|0|56|35387,66|1,65|0|0|583,9|56|35387,66|7,6|0|0|2689,46|0000080800|0|
|C190|000|2101|12|58716,47|58716,46|7045,98|0|0|0|0||
|C100|0|1|V0000012504|55|00|005|697034|35231059104760000353550050006970341007166191|04102023|05102023|23576,74|2|0|0|23576,74|9|0|0|0|0|0|0|0|0|0|0|0|0|
|C110|000012||
|C110|000002||
|C170|1|P01618-000|KTL TOY-FEST-M-KU-DGR- 400- 600- 340|32|PÇ|6487,04|0|0|040|1920|1920/AA|0|0|0|0|0|0|0|05||0|0|0|98|0|0|0|0|0|98|0|0|0|0|0||0|
|C170|2|P01617-000|KTL TOY-FEST-M-KU-DGR- 400- 600- 450|56|PÇ|14099,68|0|0|040|1920|1920/AA|0|0|0|0|0|0|0|05||0|0|0|98|0|0|0|0|0|98|0|0|0|0|0||0|
|C170|3|P03558-000|VHM TOY-DECK-M-KU-SWA-1.200- 800- 2|11|PÇ|1208,68|0|0|040|1920|1920/AA|0|0|0|0|0|0|0|05||0|0|0|98|0|0|0|0|0|98|0|0|0|0|0||0|
|C170|4|P00410-000|GLT TOY-PALE-M-KU-SWA-1.200- 800- 50|11|PÇ|1781,34|0|0|040|1920|1920/AA|0|0|0|0|0|0|0|05||0|0|0|98|0|0|0|0|0|98|0|0|0|0|0||0|
|C190|040|1920|0|23576,74|0|0|0|0|0|0||
|C100|1|0|C0000006733|55|00|006|11504|35231002258243000745550060000115041525800359|05102023|05102023|9021,84|0|0|0|9021,84|1|0|0|0|0|0|0|0|0|148,86|685,66|0|0|
|C110|000002||
|C110|000006||
|C110|000013||
|C110|000014||
|C190|000|5920|0|9021,84|0|0|0|0|0|0||
|C100|1|0|C0000006733|55|00|006|11505|35231002258243000745550060000115051164710586|05102023|05102023|72676,8|0|0|0|72676,8|1|0|0|0|72676,8|8721,66|0|0|0|1199,18|5523,44|0|0|
|C110|000007||
|C110|000002||
|C110|000008||
|C110|000009||
|C110|000010||
|C110|000011||
|C190|551|5101|18|72676,8|72676,8|8721,66|0|0|0|0||
|C100|1|0|C0000007343|55|00|006|11506|35231002258243000745550060000115061600167500|05102023|05102023|4255,86|1|0|0|4255,86|0|0|0|0|1657,74|298,39|0|0|0|70,22|323,45|0|0|
|C110|000002||
|C110|000005||
|C110|000006||
|C190|000|5125|18|1657,74|1657,74|298,39|0|0|0|0||
|C190|050|5925|0|2598,12|0|0|0|0|0|0||
|C100|1|0|C0000007343|55|00|006|11507|35231002258243000745550060000115071587591119|05102023|05102023|3131,91|1|0|0|3131,91|0|0|0|0|0|0|0|0|0|51,67|238,03|0|0|
|C110|000002||
|C110|000003||
|C110|000004||
|C190|000|5920|0|3131,91|0|0|0|0|0|0||
|C100|1|0|C0000007343|55|00|006|11509|35231002258243000745550060000115091017405222|06102023|06102023|35038,8|1|0|0|35038,8|0|0|0|0|0|0|0|0|0|578,14|2662,95|0|0|
|C110|000002||
|C110|000003||
|C110|000004||
|C190|000|5920|0|35038,8|0|0|0|0|0|0||
|C100|1|0|C0000007343|55|00|006|11508|35231002258243000745550060000115081100670020|06102023|06102023|49068|1|0|0|49068|0|0|0|0|18945,6|3410,2|0|0|0|809,62|3729,17|0|0|
|C110|000002||
|C110|000005||
|C110|000006||
|C190|000|5125|18|18945,6|18945,6|3410,2|0|0|0|0||
|C190|050|5925|0|30122,4|0|0|0|0|0|0||
|C100|1|0|C0000007343|55|00|006|11510|35231002258243000745550060000115101928391055|06102023|06102023|49180,8|1|0|0|49180,8|0|0|0|0|18628,8|3353,18|0|0|0|811,48|3737,74|0|0|
|C110|000002||
|C110|000005||
|C110|000006||
|C190|000|5125|18|18628,8|18628,8|3353,18|0|0|0|0||
|C190|050|5925|0|30552|0|0|0|0|0|0||
|C100|1|0|C0000007343|55|00|006|11511|35231002258243000745550060000115111945562102|06102023|06102023|35038,8|1|0|0|35038,8|0|0|0|0|0|0|0|0|0|578,14|2662,95|0|0|
|C110|000002||
|C110|000003||
|C110|000004||
|C190|000|5920|0|35038,8|0|0|0|0|0|0||
|C100|0|1|V0000012504|55|00|005|697274|35231059104760000353550050006972741007168590|05102023|06102023|29725,54|2|0|0|29725,54|9|0|0|0|0|0|0|0|0|0|0|0|0|
|C110|000012||
|C110|000002||
|C170|1|P01618-000|KTL TOY-FEST-M-KU-DGR- 400- 600- 340|52|PÇ|10541,44|0|0|040|1920|1920/AA|0|0|0|0|0|0|0|05||0|0|0|98|0|0|0|0|0|98|0|0|0|0|0||0|
|C170|2|P01617-000|KTL TOY-FEST-M-KU-DGR- 400- 600- 450|60|PÇ|15106,8|0|0|040|1920|1920/AA|0|0|0|0|0|0|0|05||0|0|0|98|0|0|0|0|0|98|0|0|0|0|0||0|
|C170|3|P03558-000|VHM TOY-DECK-M-KU-SWA-1.200- 800- 2|15|PÇ|1648,2|0|0|040|1920|1920/AA|0|0|0|0|0|0|0|05||0|0|0|98|0|0|0|0|0|98|0|0|0|0|0||0|
|C170|4|P00410-000|GLT TOY-PALE-M-KU-SWA-1.200- 800- 50|15|PÇ|2429,1|0|0|040|1920|1920/AA|0|0|0|0|0|0|0|05||0|0|0|98|0|0|0|0|0|98|0|0|0|0|0||0|
|C190|040|1920|0|29725,54|0|0|0|0|0|0||
|C100|0|1|V0000012504|55|00|005|697186|35231059104760000353550050006971861007167718|04102023|06102023|26578,94|2|0|0|26578,94|9|0|0|0|0|0|0|0|0|0|0|0|0|
|C110|000012||
|C110|000002||
|C170|1|P01618-000|KTL TOY-FEST-M-KU-DGR- 400- 600- 340|64|PÇ|12974,08|0|0|040|1920|1920/AA|0|0|0|0|0|0|0|05||0|0|0|98|0|0|0|0|0|98|0|0|0|0|0||0|
|C170|2|P01617-000|KTL TOY-FEST-M-KU-DGR- 400- 600- 450|40|PÇ|10071,2|0|0|040|1920|1920/AA|0|0|0|0|0|0|0|05||0|0|0|98|0|0|0|0|0|98|0|0|0|0|0||0|
|C170|3|P03558-000|VHM TOY-DECK-M-KU-SWA-1.200- 800- 2|13|PÇ|1428,44|0|0|040|1920|1920/AA|0|0|0|0|0|0|0|05||0|0|0|98|0|0|0|0|0|98|0|0|0|0|0||0|
|C170|4|P00410-000|GLT TOY-PALE-M-KU-SWA-1.200- 800- 50|13|PÇ|2105,22|0|0|040|1920|1920/AA|0|0|0|0|0|0|0|05||0|0|0|98|0|0|0|0|0|98|0|0|0|0|0||0|
|C190|040|1920|0|26578,94|0|0|0|0|0|0||
|C100|0|1|V0000012504|55|00|005|697120|35231059104760000353550050006971201007167058|04102023|06102023|28567,26|2|0|0|28567,26|9|0|0|0|0|0|0|0|0|0|0|0|0|
|C110|000012||
|C110|000002||
|C170|1|P01618-000|KTL TOY-FEST-M-KU-DGR- 400- 600- 340|44|PÇ|8919,68|0|0|040|1920|1920/AA|0|0|0|0|0|0|0|05||0|0|0|98|0|0|0|0|0|98|0|0|0|0|0||0|
|C170|2|P01617-000|KTL TOY-FEST-M-KU-DGR- 400- 600- 450|64|PÇ|16113,92|0|0|040|1920|1920/AA|0|0|0|0|0|0|0|05||0|0|0|98|0|0|0|0|0|98|0|0|0|0|0||0|
|C170|3|P03558-000|VHM TOY-DECK-M-KU-SWA-1.200- 800- 2|13|PÇ|1428,44|0|0|040|1920|1920/AA|0|0|0|0|0|0|0|05||0|0|0|98|0|0|0|0|0|98|0|0|0|0|0||0|
|C170|4|P00410-000|GLT TOY-PALE-M-KU-SWA-1.200- 800- 50|13|PÇ|2105,22|0|0|040|1920|1920/AA|0|0|0|0|0|0|0|05||0|0|0|98|0|0|0|0|0|98|0|0|0|0|0||0|
|C190|040|1920|0|28567,26|0|0|0|0|0|0||
|C100|0|1|V0000014448|55|00|020|764042|35230945990181000189550200007640421775563239|30092023|06102023|10470,24|2|0|0|10470,24|1|0|0|0|0|0|0|0|0|0|0|0|0|
|C110|000012||
|C110|000002||
|C170|1|3044FJ-000|VHM TOY-PALE-M-KU-___-1.205-1.005- 160|9|PÇ|2960,28|0|0|240|1920|1920/AA|0|0|0|0|0|0|0|05||0|0|0|98|0|0|0|0|0|98|0|0|0|0|0||0|
|C170|2|3044CP-000|VHM BRO-DECK-M-KU-___-1.232-1.019- 69|9|PÇ|1558,71|0|0|240|1920|1920/AA|0|0|0|0|0|0|0|05||0|0|0|98|0|0|0|0|0|98|0|0|0|0|0||0|
|C170|3|3044JT-000|KTL BOS-FEST-M-KU-GRN- 600- 400- 150|225|PÇ|5951,25|0|0|240|1920|1920/AA|0|0|0|0|0|0|0|05||0|0|0|98|0|0|0|0|0|98|0|0|0|0|0||0|
|C190|240|1920|0|10470,24|0|0|0|0|0|0||
|C100|0|1|V0000044990|55|00|001|66795|35231064999527000154550010000667951032767208|02102023|06102023|9270|2|0|0|9270|1|0|0|0|0|0|0|0|0|0|0|0|0|
|C110|000012||
|C110|000002||
|C170|1|P00650-000|GLT BRO-KLBE-M-KU-SWA-1.010- 605- 650|15|PÇ|9270|0|0|040|1921|1921/AA|0|0|0|0|0|0|0|05||0|0|0|98|0|0|0|0|0|98|0|0|0|0|0||0|
|C190|040|1921|0|9270|0|0|0|0|0|0||
|C100|0|1|V0000004598|55|00|002|325958|41230902258243000150550020003259581750372148|28092023|06102023|1055|2|0|0|1055|9|0|0|0|0|0|0|0|0|0|0|0|0|
|C110|000012||
|C110|000002||
|C170|1|P01113-000|Caixa Plástica CN-6415|25|PÇ|875|0|0|040|2920|2920/AA|0|0|0|0|0|0|0|05||0|0|0|98|0|0|0|0|0|98|0|0|0|0|0||0|
|C170|2|3044FI-000|VHM TOY-DECK-M-KU-BLA-1.230-1.03|2|PÇ|180|0|0|040|2920|2920/AA|0|0|0|0|0|0|0|05||0|0|0|98|0|0|0|0|0|98|0|0|0|0|0||0|
|C190|040|2920|0|1055|0|0|0|0|0|0||
|C195|000004|Ativo Fixo|
|C100|0|1|V0000004598|55|00|002|326068|41230902258243000150550020003260681357909770|20092023|06102023|3760|2|0|0|3760|9|0|0|0|0|0|0|0|0|0|0|0|0|
|C110|000012||
|C110|000002||
|C170|1|P04609-000|GLT BRO-WELL-E-PA-BEI-1.120- 960- 690|16|PÇ|2880|0|0|040|2920|2920/AA|0|0|0|0|0|0|0|05||0|0|0|98|0|0|0|0|0|98|0|0|0|0|0||0|
|C170|2|P07160-000|GLT BRO-GEBI-E-PA-NAT-1.160- 855-1.300|4|PÇ|880|0|0|040|2920|2920/AA|0|0|0|0|0|0|0|05||0|0|0|98|0|0|0|0|0|98|0|0|0|0|0||0|
|C190|040|2920|0|3760|0|0|0|0|0|0||
|C100|0|1|V0000014448|55|00|020|764013|35230945990181000189550200007640131181303178|29092023|06102023|4653,44|2|0|0|4653,44|1|0|0|0|0|0|0|0|0|0|0|0|0|
|C110|000012||
|C110|000002||
|C170|1|3044FJ-000|VHM TOY-PALE-M-KU-___-1.205-1.005- 160|4|PÇ|1315,68|0|0|240|1920|1920/AA|0|0|0|0|0|0|0|05||0|0|0|98|0|0|0|0|0|98|0|0|0|0|0||0|
|C170|2|3044CP-000|VHM BRO-DECK-M-KU-___-1.232-1.019- 69|4|PÇ|692,76|0|0|240|1920|1920/AA|0|0|0|0|0|0|0|05||0|0|0|98|0|0|0|0|0|98|0|0|0|0|0||0|
|C170|3|3044JT-000|KTL BOS-FEST-M-KU-GRN- 600- 400- 150|100|PÇ|2645|0|0|240|1920|1920/AA|0|0|0|0|0|0|0|05||0|0|0|98|0|0|0|0|0|98|0|0|0|0|0||0|
|C190|240|1920|0|4653,44|0|0|0|0|0|0||
|C100|0|1|V0000089798|55|00|001|300406|31230925170937000136550010003004061655431184|30092023|06102023|31900,14|2|0|0|31900,14|1|0|0|0|0|0|0|0|0|0|0|0|0|
|C110|000012||
|C110|000002||
|C170|1|P04609-000|GLT BRO-WELL-E-PA-BEI-1.120- 960- 690|57|PÇ|10203|0|0|040|2921|2921/AA|0|0|0|0|0|0|0|05||0|0|0|98|0|0|0|0|0|98|0|0|0|0|0||0|
|C170|2|P04608-000|GLT BRO-WELL-E-PA-BEI-1.200-1.000- 600|6|PÇ|1297,14|0|0|140|2921|2921/AA|0|0|0|0|0|0|0|05||0|0|0|98|0|0|0|0|0|98|0|0|0|0|0||0|
|C170|3|P03908-000|VHM BRO-SPAI-M-KU-BLA- 925-1.110- 790|26|PÇ|7800|0|0|040|2921|2921/AA|0|0|0|0|0|0|0|05||0|0|0|98|0|0|0|0|0|98|0|0|0|0|0||0|
|C170|4|304718-000|GLT BRO-KLBE-M-KU-GRA-1.200-1.000- 990|2|PÇ|1800|0|0|040|2921|2921/AA|0|0|0|0|0|0|0|05||0|0|0|98|0|0|0|0|0|98|0|0|0|0|0||0|
|C170|5|304718-000|GLT BRO-KLBE-M-KU-GRA-1.200-1.000- 990|12|PÇ|10800|0|0|040|2921|2921/AA|0|0|0|0|0|0|0|05||0|0|0|98|0|0|0|0|0|98|0|0|0|0|0||0|
|C190|040|2921|0|30603|0|0|0|0|0|0||
|C190|140|2921|0|1297,14|0|0|0|0|0|0||
|C100|0|1|B0000310001|55|00|002|325683|41230902258243000150550020003256831902156899|20092023|06102023|2707,82|2|0|0|2707,82|9|0|0|0|2707,82|324,94|0|0|0|0|0|0|0|
|C110|000026||
|C110|000027||
|C170|1|P01618-000|KTL TOY-FEST-M-KU-DGR- 400- 600- 340|4|PÇ|810,88|0|0|000|2151|2151/AA|810,88|12|97,31|0|0|0|0|49||0|0|0|07|0|0|0|0|0|07|0|0|0|0|0||0|
|C170|2|P01617-000|KTL TOY-FEST-M-KU-DGR- 400- 600- 450|4|PÇ|1007,12|0|0|000|2151|2151/AA|1007,12|12|120,85|0|0|0|0|49||0|0|0|07|0|0|0|0|0|07|0|0|0|0|0||0|
|C170|3|P03558-000|VHM TOY-DECK-M-KU-SWA-1.200- 800- 2|1|PÇ|109,88|0|0|000|2151|2151/AA|109,88|12|13,19|0|0|0|0|49||0|0|0|07|0|0|0|0|0|07|0|0|0|0|0||0|
|C170|4|P00410-000|GLT TOY-PALE-M-KU-SWA-1.200- 800- 50|1|PÇ|161,94|0|0|000|2151|2151/AA|161,94|12|19,43|0|0|0|0|49||0|0|0|07|0|0|0|0|0|07|0|0|0|0|0||0|
|C170|5|P00650-000|GLT BRO-KLBE-M-KU-SWA-1.010- 605- 650|1|PÇ|618|0|0|000|2151|2151/AA|618|12|74,16|0|0|0|0|49||0|0|0|07|0|0|0|0|0|07|0|0|0|0|0||0|
|C190|000|2151|12|2707,82|2707,82|324,94|0|0|0|0||
|C100|0|1|B0000310001|55|00|002|325885|41230902258243000150550020003258851624926816|26092023|06102023|600|2|0|0|600|9|0|0|0|0|0|0|0|0|0|0|0|0|
|C110|000025||
|C110|000026||
|C110|000027||
|C170|1|M2023104|Rack Metalico|1|PÇ|100|0|0|090|2557|2557/AA|0|0|0|0|0|0|0|49||0|0|0|07|0|0|0|0|0|07|0|0|0|0|0||0|
|C170|2|M2023105|CFM MQB|1|PÇ|500|0|0|290|2557|2557/AA|0|0|0|0|0|0|0|49||0|0|0|07|0|0|0|0|0|07|0|0|0|0|0||0|
|C190|090|2557|0|100|0|0|0|0|0|0|000001|
|C190|290|2557|0|500|0|0|0|0|0|0|000001|
|C195|000001|Consumo|
|C100|0|1|B0000310001|55|00|002|326057|41231002258243000150550020003260571109710414|02102023|06102023|9979,48|2|0|0|9979,48|9|0|0|0|9979,48|1197,54|0|0|0|0|0|0|0|
|C110|000028||
|C110|000029||
|C110|000030||
|C110|000026||
|C110|000027||
|C170|1|G25348-101|CFM MOD-BBL2___-.85_-SON--__-P703_-D|28|PÇ|9979,48|0|0|000|2151|2151/AA|9979,48|12|1197,54|0|0|0|0|05||0|0|0|07|0|0|0|0|0|07|0|0|0|0|0||0|
|C190|000|2151|12|9979,48|9979,48|1197,54|0|0|0|0||
|C100|0|1|B0000310001|55|00|002|325940|41230902258243000150550020003259401914664028|27092023|06102023|256500|2|0|0|256500|9|0|0|0|0|0|0|0|0|0|0|0|0|
|C110|000025||
|C170|1|M2023106|Disp. Controle da Altura da Solda|1|PÇ|1500|0|0|090|2552|2552/AA|0|0|0|0|0|0|0|49||0|0|0|98|0|0|0|0|0|98|0|0|0|0|0||0|
|C170|2|M2023107|Disp. Controle de Batimento - Axial e Ra|1|PÇ|85000|0|0|090|2552|2552/AA|0|0|0|0|0|0|0|49||0|0|0|98|0|0|0|0|0|98|0|0|0|0|0||0|
|C170|3|M2023108|Disp. Controle do Guide Rail Front LH E7|1|PÇ|85000|0|0|090|2552|2552/AA|0|0|0|0|0|0|0|49||0|0|0|98|0|0|0|0|0|98|0|0|0|0|0||0|
|C170|4|M2023109|Disp. Controle do Guide Rail Rear LH E71|1|PÇ|85000|0|0|090|2552|2552/AA|0|0|0|0|0|0|0|49||0|0|0|98|0|0|0|0|0|98|0|0|0|0|0||0|
|C190|090|2552|0|256500|0|0|0|0|0|0|000004|
|C195|000004|Ativo Fixo|
|C100|0|1|B0000310001|55|00|002|326085|41231002258243000150550020003260851470583222|03102023|06102023|9800|2|0|0|9800|9|0|0|0|0|0|0|0|0|0|0|0|0|
|C110|000025||
|C110|000026||
|C110|000027||
|C170|1|M20231010|Bateria para FM 17 48v 608Ah|1|PÇ|9800|0|0|090|2557|2557/AA|0|0|0|0|0|0|0|49||0|0|0|07|0|0|0|0|0|07|0|0|0|0|0||0|
|C190|090|2557|0|9800|0|0|0|0|0|0|000001|
|C195|000001|Consumo|
|C100|1|0|C0000006733|55|00|006|11513|35231002258243000745550060000115131498838450|06102023|06102023|72676,8|0|0|0|72676,8|1|0|0|0|72676,8|8721,66|0|0|0|1199,18|5523,44|0|0|
|C110|000007||
|C110|000002||
|C110|000008||
|C110|000009||
|C110|000010||
|C110|000011||
|C190|551|5101|18|72676,8|72676,8|8721,66|0|0|0|0||
|C100|1|0|C0000006733|55|00|006|11512|35231002258243000745550060000115121853843161|06102023|06102023|10525,48|0|0|0|10525,48|1|0|0|0|0|0|0|0|0|173,67|799,93|0|0|
|C110|000002||
|C110|000006||
|C110|000013||
|C110|000014||
|C190|000|5920|0|10525,48|0|0|0|0|0|0||
|C100|1|0|C0000006733|55|00|006|11514|35231002258243000745550060000115141326480563|06102023|06102023|75705|0|0|0|75705|1|0|0|0|75705|9085,04|0|0|0|1249,14|5753,6|0|0|
|C110|000007||
|C110|000002||
|C110|000008||
|C110|000009||
|C110|000010||
|C110|000011||
|C190|551|5101|18|75705|75705|9085,04|0|0|0|0||
|C100|1|0|C0000006733|55|00|006|11515|35231002258243000745550060000115151398005583|06102023|06102023|9021,84|0|0|0|9021,84|1|0|0|0|0|0|0|0|0|148,86|685,66|0|0|
|C110|000002||
|C110|000006||
|C110|000013||
|C110|000014||
|C190|000|5920|0|9021,84|0|0|0|0|0|0||
|C100|0|1|V0000072887|55|00|001|364|35230924660034000170550010000003641993776744|21092023|06102023|72,54|2|0|0|70,26|9|0|0|0|72,54|13,06|0|0|2,28|0|0|0|0|
|C110|000031||
|C113|1|0|V0000072887|55|6||10419|23052023|35230502258243000745550060000104191657931181|
|C170|1|E21263-101|Acion.vid jan ES-EL-OE-LI-AN-BS-VS30_-N|1|PÇ|70,26|0|0|500|1949|1949/AA|72,54|18|13,06|0|0|0|0|00||70,26|3,25|2,28|98|0|0|0|0|0|98|0|0|0|0|0||0|
|C190|500|1949|18|72,54|72,54|13,06|0|0|0|2,28||
|C100|0|1|V0000088584|55|00|006|345319|35231010394422000142550060003453191055240264|02102023|06102023|55674|2|0|0|55674|9|0|0|0|0|0|0|0|0|0|0|0|0|
|C110|000012||
|C110|000032||
|C170|1|E71500-100|WRD Q-9-W-E-_9-80_-BO-FPG2_-6-1-__-__-N|900|PÇ|55674|0|0|040|1901|1901/AA|0|0|0|0|0|0|0|01||0|0|0|98|0|0|0|0|0|98|0|0|0|0|0||0|
|C190|040|1901|0|55674|0|0|0|0|0|0||
|C100|0|1|V0000088584|55|00|006|345320|35231010394422000142550060003453201056572180|02102023|06102023|55674|2|0|0|55674|9|0|0|0|0|0|0|0|0|0|0|0|0|
|C110|000012||
|C110|000032||
|C170|1|E71430-100|WRD Q-9-W-E-_9-80_-BO-FPG2_-6-1-__-__-N|900|PÇ|55674|0|0|040|1901|1901/AA|0|0|0|0|0|0|0|01||0|0|0|98|0|0|0|0|0|98|0|0|0|0|0||0|
|C190|040|1901|0|55674|0|0|0|0|0|0||
|C100|0|1|V0000088584|55|00|006|345321|35231010394422000142550060003453211057136292|02102023|06102023|110358,24|2|0|0|110358,24|9|0|0|0|0|0|0|0|0|0|0|0|0|
|C110|000012||
|C110|000032||
|C170|1|E71429-100|WRD P-9-W-E-_9-80_-BO-FPG2_-6-1-__-__-N|1784|PÇ|110358,24|0|0|040|1901|1901/AA|0|0|0|0|0|0|0|01||0|0|0|98|0|0|0|0|0|98|0|0|0|0|0||0|
|C190|040|1901|0|110358,24|0|0|0|0|0|0||
|C100|0|1|V0000088584|55|00|006|345322|35231010394422000142550060003453221058859961|02102023|06102023|137081,76|2|0|0|137081,76|9|0|0|0|0|0|0|0|0|0|0|0|0|
|C110|000012||
|C110|000032||
|C170|1|E71499-100|WRD P-9-W-E-_9-80_-BO-FPG2_-6-1-__-__-N|2216|PÇ|137081,76|0|0|040|1901|1901/AA|0|0|0|0|0|0|0|01||0|0|0|98|0|0|0|0|0|98|0|0|0|0|0||0|
|C190|040|1901|0|137081,76|0|0|0|0|0|0||
|C100|0|1|V0000012504|55|00|005|698993|35231059104760000353550050006989931007186081|23102023|24102023|30834,16|2|0|0|30834,16|9|0|0|0|0|0|0|0|0|0|0|0|0|
|C110|000012||
|C110|000002||
|C170|1|P01618-000|KTL TOY-FEST-M-KU-DGR- 400- 600- 340|76|PÇ|15406,72|0|0|040|1920|1920/AA|0|0|0|0|0|0|0|05||0|0|0|98|0|0|0|0|0|98|0|0|0|0|0||0|
|C170|2|P01617-000|KTL TOY-FEST-M-KU-DGR- 400- 600- 450|44|PÇ|11078,32|0|0|040|1920|1920/AA|0|0|0|0|0|0|0|05||0|0|0|98|0|0|0|0|0|98|0|0|0|0|0||0|
|C170|3|P03558-000|VHM TOY-DECK-M-KU-SWA-1.200- 800- 2|16|PÇ|1758,08|0|0|040|1920|1920/AA|0|0|0|0|0|0|0|05||0|0|0|98|0|0|0|0|0|98|0|0|0|0|0||0|
|C170|4|P00410-000|GLT TOY-PALE-M-KU-SWA-1.200- 800- 50|16|PÇ|2591,04|0|0|040|1920|1920/AA|0|0|0|0|0|0|0|05||0|0|0|98|0|0|0|0|0|98|0|0|0|0|0||0|
|C190|040|1920|0|30834,16|0|0|0|0|0|0||
|C100|0|1|B00310001|55|00|002|326470|41231002258243000150550020003264701519933654|16102023|17102023|99930,57|2|0|0|99930,57|0|0|0|0|99930,57|3997,23|0|0|0|0|0|0|0|
|C110|000002||
|C170|1|123964-100|Parafuso M5_TF___-RHT- 11,00-T25_-SO-N|72000|PÇ|9007,5|0|0|200|2151|2151/AA|9007,5|4|360,3|0|0|0|0|05||0|0|0|98|0|0|0|0|0|98|0|0|0|0|0||0|
|C170|2|915066-200|Thermal transfer film _60,0|90000|CM|168,75|0|0|200|2151|2151/AA|168,75|4|6,75|0|0|0|0|05||0|0|0|98|0|0|0|0|0|98|0|0|0|0|0||0|
|C170|3|961828-200|Autocolan FH-S_-RE- 50,00- 22,00-BROSE|23620|PÇ|467,48|0|0|200|2151|2151/AA|467,48|4|18,7|0|0|0|0|05||0|0|0|98|0|0|0|0|0|98|0|0|0|0|0||0|
|C170|4|974600-102|Polia cabos FH-S_- 40.0-STAND-N|33591|PÇ|14769,54|0|0|200|2151|2151/AA|14769,54|4|590,78|0|0|0|0|05||0|0|0|98|0|0|0|0|0|98|0|0|0|0|0||0|
|C170|5|C04714-100|Perno roscado FH-S_-M__6-EINPR-M-USE-N|16000|PÇ|3161,67|0|0|200|2151|2151/AA|3161,67|4|126,47|0|0|0|0|05||0|0|0|98|0|0|0|0|0|98|0|0|0|0|0||0|
|C170|6|C36380-101|Polia cabos FH-S_- 30,0-STAND-N|72192|PÇ|12686,24|0|0|200|2151|2151/AA|12686,24|4|507,45|0|0|0|0|05||0|0|0|98|0|0|0|0|0|98|0|0|0|0|0||0|
|C170|7|C86161-103|ASM RSL FH-L_-VO-A_S-ADP-160B_|2375|PÇ|12053,13|0|0|200|2151|2151/AA|12053,13|4|482,13|0|0|0|0|05||0|0|0|98|0|0|0|0|0|98|0|0|0|0|0||0|
|C170|8|C86163-107|ASM RSL FH-L_-HI-C_S-ADP-160B_|2375|PÇ|11987,07|0|0|200|2151|2151/AA|11987,07|4|479,48|0|0|0|0|05||0|0|0|98|0|0|0|0|0|98|0|0|0|0|0||0|
|C170|9|C86164-107|ASM RSL FH-R_-HI-C_S-ADP-160B_|2375|PÇ|11984,1|0|0|200|2151|2151/AA|11984,1|4|479,36|0|0|0|0|05||0|0|0|98|0|0|0|0|0|98|0|0|0|0|0||0|
|C170|10|G30129-100|Parafuso TP50____-RHT- 40,00-IP25-FH-N|25600|PÇ|10026,67|0|0|200|2151|2151/AA|10026,67|4|401,07|0|0|0|0|05||0|0|0|98|0|0|0|0|0|98|0|0|0|0|0||0|
|C170|11|C67298-100|Fan KL-EC-510-.10-W213_|264|PÇ|13618,42|0|0|200|2151|2151/AA|13618,42|4|544,74|0|0|0|0|05||0|0|0|98|0|0|0|0|0|98|0|0|0|0|0||0|
|C190|200|2151|4|99930,57|99930,57|3997,23|0|0|0|0||
|C195|000001|Consumo|
|C100|0|1|V0000004598|55|00|002|326684|41231002258243000150550020003266841256155857|23102023|24102023|8500|2|0|0|8500|9|0|0|0|0|0|0|0|0|0|0|0|0|
|C110|000012||
|C110|000002||
|C170|1|3044J2-000|GLT FOR-KLBE-M-KU-___-1.200-1.000- 975|10|PÇ|8500|0|0|040|2920|2920/AA|0|0|0|0|0|0|0|05||0|0|0|98|0|0|0|0|0|98|0|0|0|0|0||0|
|C190|040|2920|0|8500|0|0|0|0|0|0||
|C100|0|1|B00310001|55|00|002|326469|41231002258243000150550020003264691981734690|16102023|17102023|229551,79|2|0|0|229551,79|0|0|0|0|229551,79|9182,08|0|0|0|0|0|0|0|
|C110|000002||
|C170|1|981589-100|Perno roscado FH-N_-M__6-EINPR-BROSE-N|66000|PÇ|16479,38|0|0|200|2151|2151/AA|16479,38|4|659,18|0|0|0|0|05||0|0|0|98|0|0|0|0|0|98|0|0|0|0|0||0|
|C170|2|C83899-101|Flapperdoor KL-N_-M-USE|20480|PÇ|6114,14|0|0|200|2151|2151/AA|6114,14|4|244,57|0|0|0|0|05||0|0|0|98|0|0|0|0|0|98|0|0|0|0|0||0|
|C170|3|G07255-100|Vedação KL-N_----SON-P703_-N|1500|PÇ|15032,5|0|0|200|2151|2151/AA|15032,5|4|601,3|0|0|0|0|05||0|0|0|98|0|0|0|0|0|98|0|0|0|0|0||0|
|C170|4|G25440-100|ASM Motor KL-ECA-BBL2___-. 8-138-P375_-N|792|PÇ|191925,77|0|0|200|2151|2151/AA|191925,77|4|7677,03|0|0|0|0|05||0|0|0|98|0|0|0|0|0|98|0|0|0|0|0||0|
|C190|200|2151|4|229551,79|229551,79|9182,08|0|0|0|0||
|C100|0|1|B00310001|55|00|002|326514|41231002258243000150550020003265141606235196|16102023|17102023|9761,28|2|0|0|9761,28|0|0|0|0|9761,28|1171,35|0|0|0|0|0|0|0|
|C110|000002||
|C170|1|E35590-102|Cabo Bowden FH FH-L_-1TEIL-360B_|5100|PÇ|9761,28|0|0|000|2151|2151/AA|9761,28|12|1171,35|0|0|0|0|05||0|0|0|98|0|0|0|0|0|98|0|0|0|0|0||0|
|C190|000|2151|12|9761,28|9761,28|1171,35|0|0|0|0||
|C100|0|1|B00310001|55|00|002|326515|41231002258243000150550020003265151951607954|16102023|17102023|12630|2|0|0|12630|0|0|0|0|12630|1515,6|0|0|0|0|0|0|0|
|C110|000002||
|C170|1|E35585-102|Cabo Bowden FH FH-L_-1TEIL-360B_|6000|PÇ|12630|0|0|000|2151|2151/AA|12630|12|1515,6|0|0|0|0|05||0|0|0|98|0|0|0|0|0|98|0|0|0|0|0||0|
|C190|000|2151|12|12630|12630|1515,6|0|0|0|0||
|C100|0|1|B00310001|55|00|002|326471|41231002258243000150550020003264711416222060|16102023|17102023|339,58|2|0|0|339,58|0|0|0|0|339,58|13,58|0|0|0|0|0|0|0|
|C110|000002||
|C170|1|964500-100|Encosto FH-S_-FLA-SONST-FUEGEN-M-USE-N|5000|PÇ|339,58|0|0|200|2151|2151/AA|339,58|4|13,58|0|0|0|0|05||0|0|0|98|0|0|0|0|0|98|0|0|0|0|0||0|
|C190|200|2151|4|339,58|339,58|13,58|0|0|0|0||
|C100|0|1|V0000012504|55|00|005|698013|35231059104760000353550050006980131007176035|11102023|17102023|25616,9|2|0|0|25616,9|9|0|0|0|0|0|0|0|0|0|0|0|0|
|C110|000012||
|C110|000002||
|C170|1|P01618-000|KTL TOY-FEST-M-KU-DGR- 400- 600- 340|52|PÇ|10541,44|0|0|040|1920|1920/AA|0|0|0|0|0|0|0|05||0|0|0|98|0|0|0|0|0|98|0|0|0|0|0||0|
|C170|2|P01617-000|KTL TOY-FEST-M-KU-DGR- 400- 600- 450|48|PÇ|12085,44|0|0|040|1920|1920/AA|0|0|0|0|0|0|0|05||0|0|0|98|0|0|0|0|0|98|0|0|0|0|0||0|
|C170|3|P03558-000|VHM TOY-DECK-M-KU-SWA-1.200- 800- 2|11|PÇ|1208,68|0|0|040|1920|1920/AA|0|0|0|0|0|0|0|05||0|0|0|98|0|0|0|0|0|98|0|0|0|0|0||0|
|C170|4|P00410-000|GLT TOY-PALE-M-KU-SWA-1.200- 800- 50|11|PÇ|1781,34|0|0|040|1920|1920/AA|0|0|0|0|0|0|0|05||0|0|0|98|0|0|0|0|0|98|0|0|0|0|0||0|
|C190|040|1920|0|25616,9|0|0|0|0|0|0||
|C100|0|1|V0000048415|55|00|005|494415|41231043375930000132550050004944151626055440|10102023|17102023|313075,2|1|0|0|313075,2|1|0|0|0|313075,2|12523|0|0|0|5165,76|23793,72|0|0|
|C110|000002||
|C110|000017||
|C110|000018||
|C170|1|E17699-100|WRD Q-A-W-E-10-90_-AS-WR19_-E-1-360B_-N|960|PÇ|78268,8|0|0|000|2101|2101/AA|78268,8|4|3130,75|0|0|0|0|05||0|0|0|56|78268,8|1,65|0|0|1291,44|56|78268,8|7,6|0|0|5948,43|0000080800|0|
|C170|2|E17690-100|WRD P-A-W-E-10-90_-AS-WR19_-E-1-360B_-N|960|PÇ|78268,8|0|0|000|2101|2101/AA|78268,8|4|3130,75|0|0|0|0|05||0|0|0|56|78268,8|1,65|0|0|1291,44|56|78268,8|7,6|0|0|5948,43|0000080800|0|
|C170|3|E17701-100|WRD Q-A-W-E-10-90_-AS-WR19_-E-1-360B_-N|960|PÇ|78268,8|0|0|000|2101|2101/AA|78268,8|4|3130,75|0|0|0|0|05||0|0|0|56|78268,8|1,65|0|0|1291,44|56|78268,8|7,6|0|0|5948,43|0000080800|0|
|C170|4|E17700-100|WRD P-A-W-E-10-90_-AS-WR19_-E-1-360B_-N|960|PÇ|78268,8|0|0|000|2101|2101/AA|78268,8|4|3130,75|0|0|0|0|05||0|0|0|56|78268,8|1,65|0|0|1291,44|56|78268,8|7,6|0|0|5948,43|0000080800|0|
|C190|000|2101|4|313075,2|313075,2|12523|0|0|0|0||
|C100|0|1|V0000012504|55|00|005|698226|35231059104760000353550050006982261007178215|17102023|17102023|26763,9|2|0|0|26763,9|9|0|0|0|0|0|0|0|0|0|0|0|0|
|C110|000012||
|C110|000002||
|C170|1|P01618-000|KTL TOY-FEST-M-KU-DGR- 400- 600- 340|48|PÇ|9130,56|0|0|040|1920|1920/AA|0|0|0|0|0|0|0|05||0|0|0|98|0|0|0|0|0|98|0|0|0|0|0||0|
|C170|2|P01617-000|KTL TOY-FEST-M-KU-DGR- 400- 600- 450|56|PÇ|14099,68|0|0|040|1920|1920/AA|0|0|0|0|0|0|0|05||0|0|0|98|0|0|0|0|0|98|0|0|0|0|0||0|
|C170|3|P03558-000|VHM TOY-DECK-M-KU-SWA-1.200- 800- 2|13|PÇ|1428,44|0|0|040|1920|1920/AA|0|0|0|0|0|0|0|05||0|0|0|98|0|0|0|0|0|98|0|0|0|0|0||0|
|C170|4|P00410-000|GLT TOY-PALE-M-KU-SWA-1.200- 800- 50|13|PÇ|2105,22|0|0|040|1920|1920/AA|0|0|0|0|0|0|0|05||0|0|0|98|0|0|0|0|0|98|0|0|0|0|0||0|
|C190|040|1920|0|26763,9|0|0|0|0|0|0||
|C100|0|1|V0000012504|55|00|005|698112|35231059104760000353550050006981121007177048|16102023|17102023|27907,54|2|0|0|27907,54|9|0|0|0|0|0|0|0|0|0|0|0|0|
|C110|000012||
|C110|000002||
|C170|1|P01618-000|KTL TOY-FEST-M-KU-DGR- 400- 600- 340|48|PÇ|9730,56|0|0|040|1920|1920/AA|0|0|0|0|0|0|0|05||0|0|0|98|0|0|0|0|0|98|0|0|0|0|0||0|
|C170|2|P01617-000|KTL TOY-FEST-M-KU-DGR- 400- 600- 450|56|PÇ|14099,68|0|0|040|1920|1920/AA|0|0|0|0|0|0|0|05||0|0|0|98|0|0|0|0|0|98|0|0|0|0|0||0|
|C170|3|P03558-000|VHM TOY-DECK-M-KU-SWA-1.200- 800- 2|15|PÇ|1648,2|0|0|040|1920|1920/AA|0|0|0|0|0|0|0|05||0|0|0|98|0|0|0|0|0|98|0|0|0|0|0||0|
|C170|4|P00410-000|GLT TOY-PALE-M-KU-SWA-1.200- 800- 50|15|PÇ|2429,1|0|0|040|1920|1920/AA|0|0|0|0|0|0|0|05||0|0|0|98|0|0|0|0|0|98|0|0|0|0|0||0|
|C190|040|1920|0|27907,54|0|0|0|0|0|0||
|C100|1|0|C0000002543|55|00|006|11581|35231002258243000745550060000115811243010627|17102023|17102023|158071,53|1|0|0|158071,53|1|0|0|0|0|0|0|0|0|515,27|2373,34|0|0|
|C110|000024||
|C110|000023||
|C110|000013||
|C110|000014||
|C190|041|7101|0|158071,53|0|0|0|0|0|0||
|C100|0|1|V0000004598|55|00|002|326683|41231002258243000150550020003266831801156804|23102023|24102023|160|2|0|0|160|9|0|0|0|0|0|0|0|0|0|0|0|0|
|C110|000012||
|C110|000002||
|C170|1|304408-000|KTL BRO-CVDA-M-KU-BLA- 300- 200- 148|16|PÇ|160|0|0|040|2920|2920/AA|0|0|0|0|0|0|0|05||0|0|0|98|0|0|0|0|0|98|0|0|0|0|0||0|
|C190|040|2920|0|160|0|0|0|0|0|0||
|C100|0|1|V0000004598|55|00|002|326682|41231002258243000150550020003266821654957363|23102023|24102023|1320|2|0|0|1320|9|0|0|0|0|0|0|0|0|0|0|0|0|
|C110|000012||
|C110|000002||
|C170|1|P01113-000|Caixa Plástica CN-6415|30|PÇ|1050|0|0|040|2920|2920/AA|0|0|0|0|0|0|0|05||0|0|0|98|0|0|0|0|0|98|0|0|0|0|0||0|
|C170|2|3044FI-000|VHM TOY-DECK-M-KU-BLA-1.230-1.03|3|PÇ|270|0|0|040|2920|2920/AA|0|0|0|0|0|0|0|05||0|0|0|98|0|0|0|0|0|98|0|0|0|0|0||0|
|C190|040|2920|0|1320|0|0|0|0|0|0||
|C195|000004|Ativo Fixo|
|C100|0|1|V0000004598|55|00|002|326692|41231002258243000150550020003266921598692599|23102023|24102023|3600|2|0|0|3600|9|0|0|0|0|0|0|0|0|0|0|0|0|
|C110|000012||
|C110|000002||
|C170|1|P04609-000|GLT BRO-WELL-E-PA-BEI-1.120- 960- 690|20|PÇ|3600|0|0|040|2920|2920/AA|0|0|0|0|0|0|0|05||0|0|0|98|0|0|0|0|0|98|0|0|0|0|0||0|
|C190|040|2920|0|3600|0|0|0|0|0|0||
|C100|1|0|C0000002543|55|00|006|11516|35231002258243000745550060000115161964045718|06102023|06102023|360659,08|1|0|0|360659,08|1|0|0|0|0|0|0|0|0|1150,76|5300,47|0|0|
|C110|000024||
|C110|000023||
|C110|000013||
|C110|000014||
|C190|041|7101|0|360659,08|0|0|0|0|0|0||
|C100|0|1|V0000012504|55|00|005|697340|35231059104760000353550050006973401007169259|05102023|07102023|24070,72|2|0|0|24070,72|9|0|0|0|0|0|0|0|0|0|0|0|0|
|C110|000012||
|C110|000002||
|C170|1|P01618-000|KTL TOY-FEST-M-KU-DGR- 400- 600- 340|48|PÇ|9730,56|0|0|040|1920|1920/AA|0|0|0|0|0|0|0|05||0|0|0|98|0|0|0|0|0|98|0|0|0|0|0||0|
|C170|2|P01617-000|KTL TOY-FEST-M-KU-DGR- 400- 600- 450|44|PÇ|11078,32|0|0|040|1920|1920/AA|0|0|0|0|0|0|0|05||0|0|0|98|0|0|0|0|0|98|0|0|0|0|0||0|
|C170|3|P03558-000|VHM TOY-DECK-M-KU-SWA-1.200- 800- 2|12|PÇ|1318,56|0|0|040|1920|1920/AA|0|0|0|0|0|0|0|05||0|0|0|98|0|0|0|0|0|98|0|0|0|0|0||0|
|C170|4|P00410-000|GLT TOY-PALE-M-KU-SWA-1.200- 800- 50|12|PÇ|1943,28|0|0|040|1920|1920/AA|0|0|0|0|0|0|0|05||0|0|0|98|0|0|0|0|0|98|0|0|0|0|0||0|
|C190|040|1920|0|24070,72|0|0|0|0|0|0||
|C100|0|1|V0000012504|55|00|005|697436|35231059104760000353550050006974361007170225|06102023|07102023|27439,48|2|0|0|27439,48|9|0|0|0|0|0|0|0|0|0|0|0|0|
|C110|000012||
|C110|000002||
|C170|1|P01618-000|KTL TOY-FEST-M-KU-DGR- 400- 600- 340|52|PÇ|10541,44|0|0|040|1920|1920/AA|0|0|0|0|0|0|0|05||0|0|0|98|0|0|0|0|0|98|0|0|0|0|0||0|
|C170|2|P01617-000|KTL TOY-FEST-M-KU-DGR- 400- 600- 450|52|PÇ|13092,56|0|0|040|1920|1920/AA|0|0|0|0|0|0|0|05||0|0|0|98|0|0|0|0|0|98|0|0|0|0|0||0|
|C170|3|P03558-000|VHM TOY-DECK-M-KU-SWA-1.200- 800- 2|14|PÇ|1538,32|0|0|040|1920|1920/AA|0|0|0|0|0|0|0|05||0|0|0|98|0|0|0|0|0|98|0|0|0|0|0||0|
|C170|4|P00410-000|GLT TOY-PALE-M-KU-SWA-1.200- 800- 50|14|PÇ|2267,16|0|0|040|1920|1920/AA|0|0|0|0|0|0|0|05||0|0|0|98|0|0|0|0|0|98|0|0|0|0|0||0|
|C190|040|1920|0|27439,48|0|0|0|0|0|0||
|C100|1|0|C0000007343|55|00|006|11518|35231002258243000745550060000115181188051530|07102023|07102023|49054,32|1|0|0|49054,32|0|0|0|0|0|0|0|0|0|809,4|3728,13|0|0|
|C110|000002||
|C110|000003||
|C110|000004||
|C190|000|5920|0|49054,32|0|0|0|0|0|0||
|C100|1|0|C0000007343|55|00|006|11517|35231002258243000745550060000115171393988842|07102023|07102023|68609,28|1|0|0|68609,28|0|0|0|0|26523,84|4774,3|0|0|0|1132,04|5214,32|0|0|
|C110|000002||
|C110|000005||
|C110|000006||
|C190|000|5125|18|26523,84|26523,84|4774,3|0|0|0|0||
|C190|050|5925|0|42085,44|0|0|0|0|0|0||
|C100|1|0|C0000007343|55|00|006|11519|35231002258243000745550060000115191070073561|07102023|07102023|68316,12|1|0|0|68316,12|0|0|0|0|26080,32|4694,46|0|0|0|1127,22|5192,03|0|0|
|C110|000002||
|C110|000005||
|C110|000006||
|C190|000|5125|18|26080,32|26080,32|4694,46|0|0|0|0||
|C190|050|5925|0|42235,8|0|0|0|0|0|0||
|C100|1|0|C0000007343|55|00|006|11520|35231002258243000745550060000115201010857710|07102023|07102023|49054,32|1|0|0|49054,32|0|0|0|0|0|0|0|0|0|809,4|3728,13|0|0|
|C110|000002||
|C110|000003||
|C110|000004||
|C190|000|5920|0|49054,32|0|0|0|0|0|0||
|C100|1|0|C0000006733|55|00|006|11521|35231002258243000745550060000115211130097842|07102023|07102023|75705|0|0|0|75705|1|0|0|0|75705|9085,04|0|0|0|1249,14|5753,6|0|0|
|C110|000007||
|C110|000002||
|C110|000008||
|C110|000009||
|C110|000010||
|C110|000011||
|C190|551|5101|18|75705|75705|9085,04|0|0|0|0||
|C100|1|0|C0000006733|55|00|006|11522|35231002258243000745550060000115221308865361|07102023|07102023|72676,8|0|0|0|72676,8|1|0|0|0|72676,8|8721,66|0|0|0|1199,18|5523,44|0|0|
|C110|000007||
|C110|000002||
|C110|000008||
|C110|000009||
|C110|000010||
|C110|000011||
|C190|551|5101|18|72676,8|72676,8|8721,66|0|0|0|0||
|C100|1|0|C0000006733|55|00|006|11523|35231002258243000745550060000115231621698166|07102023|07102023|10525,48|0|0|0|10525,48|1|0|0|0|0|0|0|0|0|173,67|799,93|0|0|
|C110|000002||
|C110|000006||
|C110|000013||
|C110|000014||
|C190|000|5920|0|10525,48|0|0|0|0|0|0||
|C100|1|0|C0000006733|55|00|006|11524|35231002258243000745550060000115241192597123|07102023|07102023|9021,84|0|0|0|9021,84|1|0|0|0|0|0|0|0|0|148,86|685,66|0|0|
|C110|000002||
|C110|000006||
|C110|000013||
|C110|000014||
|C190|000|5920|0|9021,84|0|0|0|0|0|0||
|C100|0|1|B00310001|55|00|002|326255|41231002258243000150550020003262551527533859|06102023|09102023|10125,85|2|0|0|10125,85|0|0|0|0|10125,85|1215,1|0|0|0|0|0|0|0|
|C110|000002||
|C170|1|E71030-100|Cabo Bowden FH FH-S_-OFFEN-SUV__|7477|PÇ|10125,85|0|0|000|2151|2151/AA|10125,85|12|1215,1|0|0|0|0|05||0|0|0|98|0|0|0|0|0|98|0|0|0|0|0||0|
|C190|000|2151|12|10125,85|10125,85|1215,1|0|0|0|0||
|C100|0|1|V0000061750|55|00|003|255252|35231062672415000169550030002552521158256244|19102023|24102023|50|2|0|0|50|0|0|0|0|0|0|0|0|0|0|0|0|0|
|C110|000012||
|C110|000002||
|C170|1|304412-000|KTL BRO-CVDA-M-KU-___- 600- 400- 280|1|PÇ|50|0|0|040|1921|1921/AA|0|0|0|0|0|0|0|05||0|0|0|98|0|0|0|0|0|98|0|0|0|0|0||0|
|C190|040|1921|0|50|0|0|0|0|0|0||
|C100|0|1|V0000061750|55|00|003|255251|35231062672415000169550030002552511158255623|19102023|24102023|4100|2|0|0|4100|0|0|0|0|0|0|0|0|0|0|0|0|0|
|C110|000012||
|C110|000002||
|C170|1|304412-000|KTL BRO-CVDA-M-KU-___- 600- 400- 280|82|PÇ|4100|0|0|040|1921|1921/AA|0|0|0|0|0|0|0|05||0|0|0|98|0|0|0|0|0|98|0|0|0|0|0||0|
|C190|040|1921|0|4100|0|0|0|0|0|0||
|C100|0|1|V0000044990|55|00|001|67231|35231064999527000154550010000672311401662800|23102023|24102023|22866|2|0|0|22866|1|0|0|0|0|0|0|0|0|0|0|0|0|
|C110|000012||
|C110|000002||
|C170|1|P00650-000|GLT BRO-KLBE-M-KU-SWA-1.010- 605- 650|37|PÇ|22866|0|0|040|1921|1921/AA|0|0|0|0|0|0|0|05||0|0|0|98|0|0|0|0|0|98|0|0|0|0|0||0|
|C190|040|1921|0|22866|0|0|0|0|0|0||
|C100|0|1|B0000310001|55|00|002|326689|41231002258243000150550020003266891165775743|23102023|24102023|912,15|2|0|0|912,15|9|0|0|0|0|0|0|0|0|0|0|0|0|
|C110|000025||
|C110|000026||
|C110|000027||
|C170|1|M20231011|Sacochilas em Nylon 40x35cm Personalizad|37|PÇ|284,53|0|0|090|2557|2557/AA|0|0|0|0|0|0|0|49||0|0|0|07|0|0|0|0|0|07|0|0|0|0|0||0|
|C170|2|M20231012|Bloco de Notas 9,4x15cm Personalizado|37|PÇ|365,56|0|0|090|2557|2557/AA|0|0|0|0|0|0|0|49||0|0|0|07|0|0|0|0|0|07|0|0|0|0|0||0|
|C170|3|M20231013|Caneta Metal Touch Personalizada|37|PÇ|162,06|0|0|090|2557|2557/AA|0|0|0|0|0|0|0|49||0|0|0|07|0|0|0|0|0|07|0|0|0|0|0||0|
|C170|4|M20231014|Banner - FIRST|1|PÇ|100|0|0|090|2557|2557/AA|0|0|0|0|0|0|0|49||0|0|0|07|0|0|0|0|0|07|0|0|0|0|0||0|
|C190|090|2557|0|912,15|0|0|0|0|0|0|000001|
|C195|000001|Consumo|
|C100|0|1|V0000087565|55|00|001|3475|41230934904448000151550010000034751004415526|11092023|09102023|8834,99|1|0|0|8834,99|0|0|0|0|8835|1060,2|0|0|0|145,78|671,46|0|0|
|C110|000002||
|C110|000017||
|C110|000018||
|C170|1|M20231015|CONJUNTO CAC FORD|50|PÇ|8834,99|0|0|000|2101|2101/AA|8835|12|1060,2|0|0|0|0|05||0|0|0|56|8834,99|1,65|0|0|145,78|56|8834,99|7,6|0|0|671,46|0000080800|0|
|C190|000|2101|12|8834,99|8835|1060,2|0|0|0|0||
|C100|0|1|V0000087565|55|00|001|3476|41230934904448000151550010000034761000724424|11092023|09102023|8959|1|0|0|8959|0|0|0|0|8959|1075,08|0|0|0|147,82|680,88|0|0|
|C110|000002||
|C110|000017||
|C110|000018||
|C170|1|M2023103|CONJUNTO P073 - FORD - 9pc por conjunto|50|PÇ|8959|0|0|000|2101|2101/AA|8959|12|1075,08|0|0|0|0|05||0|0|0|56|8959|1,65|0|0|147,82|56|8959|7,6|0|0|680,88|0000080800|0|
|C190|000|2101|12|8959|8959|1075,08|0|0|0|0||
|C100|0|1|V0000087565|55|00|001|3482|41230934904448000151550010000034821003497434|11092023|09102023|3583,6|1|0|0|3583,6|0|0|0|0|3583,61|430,03|0|0|0|59,13|272,35|0|0|
|C110|000002||
|C110|000017||
|C110|000018||
|C170|1|M2023103|CONJUNTO P073 - FORD - 9pc por conjunto|20|PÇ|3583,6|0|0|000|2101|2101/AA|3583,61|12|430,03|0|0|0|0|05||0|0|0|56|3583,6|1,65|0|0|59,13|56|3583,6|7,6|0|0|272,35|0000080800|0|
|C190|000|2101|12|3583,6|3583,61|430,03|0|0|0|0||
|C100|1|0|C0008001303|55|00|006|11526|35231002258243000745550060000115261051278557|09102023|09102023|57000|1|0|0|57000|1|0|0|0|0|0|0|0|0|940,5|4332|0|0|
|C110|000012||
|C110|000002||
|C110|000026||
|C110|000027||
|C110|000006||
|C110|000013||
|C110|000014||
|C190|040|6920|0|57000|0|0|0|0|0|0||
|C100|0|1|V0000089798|55|00|001|300428|31231025170937000136550010003004281351715910|03102023|09102023|42462,95|2|0|0|42462,95|1|0|0|0|0|0|0|0|0|0|0|0|0|
|C110|000012||
|C110|000002||
|C170|1|P04609-000|GLT BRO-WELL-E-PA-BEI-1.120- 960- 690|58|PÇ|10382|0|0|040|2921|2921/AA|0|0|0|0|0|0|0|05||0|0|0|98|0|0|0|0|0|98|0|0|0|0|0||0|
|C170|2|P04608-000|GLT BRO-WELL-E-PA-BEI-1.200-1.000- 600|5|PÇ|11080,95|0|0|140|2921|2921/AA|0|0|0|0|0|0|0|05||0|0|0|98|0|0|0|0|0|98|0|0|0|0|0||0|
|C170|3|304718-000|GLT BRO-KLBE-M-KU-GRA-1.200-1.000- 990|4|PÇ|3600|0|0|040|2921|2921/AA|0|0|0|0|0|0|0|05||0|0|0|98|0|0|0|0|0|98|0|0|0|0|0||0|
|C170|4|304718-000|GLT BRO-KLBE-M-KU-GRA-1.200-1.000- 990|10|PÇ|9000|0|0|040|2921|2921/AA|0|0|0|0|0|0|0|05||0|0|0|98|0|0|0|0|0|98|0|0|0|0|0||0|
|C170|5|P03908-000|VHM BRO-SPAI-M-KU-BLA- 925-1.110- 790|9|PÇ|2700|0|0|040|2921|2921/AA|0|0|0|0|0|0|0|05||0|0|0|98|0|0|0|0|0|98|0|0|0|0|0||0|
|C170|6|P03908-000|VHM BRO-SPAI-M-KU-BLA- 925-1.110- 790|19|PÇ|5700|0|0|040|2921|2921/AA|0|0|0|0|0|0|0|05||0|0|0|98|0|0|0|0|0|98|0|0|0|0|0||0|
|C190|040|2921|0|31382|0|0|0|0|0|0||
|C190|140|2921|0|11080,95|0|0|0|0|0|0||
|C100|1|0|B0000310001|55|00|006|11503|35231002258243000745550060000115031942414860|05102023|05102023|166,74|2|0|0|166,74|9|0|0|0|166,74|6,67|0|0|0|0|0|0|0|
|C110|000026||
|C110|000027||
|C190|100|6151|4|166,74|166,74|6,67|0|0|0|0||
|C100|1|0|C0008001303|55|00|006|11527|35231002258243000745550060000115271824578008|09102023|09102023|35869,5|1|0|0|35869,5|1|0|0|0|0|0|0|0|0|591,85|2726,08|0|0|
|C110|000012||
|C110|000002||
|C110|000026||
|C110|000027||
|C190|040|6920|0|25060|0|0|0|0|0|0||
|C190|140|6920|0|10809,5|0|0|0|0|0|0||
|C100|0|1|V0000012504|55|00|005|698301|35231059104760000353550050006983011007178998|17102023|18102023|30612|2|0|0|30612|9|0|0|0|0|0|0|0|0|0|0|0|0|
|C110|000012||
|C110|000002||
|C170|1|P01618-000|KTL TOY-FEST-M-KU-DGR- 400- 600- 340|60|PÇ|12163,2|0|0|040|1920|1920/AA|0|0|0|0|0|0|0|05||0|0|0|98|0|0|0|0|0|98|0|0|0|0|0||0|
|C170|2|P01617-000|KTL TOY-FEST-M-KU-DGR- 400- 600- 450|56|PÇ|14099,68|0|0|040|1920|1920/AA|0|0|0|0|0|0|0|05||0|0|0|98|0|0|0|0|0|98|0|0|0|0|0||0|
|C170|3|P03558-000|VHM TOY-DECK-M-KU-SWA-1.200- 800- 2|16|PÇ|1758,08|0|0|040|1920|1920/AA|0|0|0|0|0|0|0|05||0|0|0|98|0|0|0|0|0|98|0|0|0|0|0||0|
|C170|4|P00410-000|GLT TOY-PALE-M-KU-SWA-1.200- 800- 50|16|PÇ|2591,04|0|0|040|1920|1920/AA|0|0|0|0|0|0|0|05||0|0|0|98|0|0|0|0|0|98|0|0|0|0|0||0|
|C190|040|1920|0|30612|0|0|0|0|0|0||
|C100|1|0|C0000006733|55|00|006|11587|35231002258243000745550060000115871291442047|18102023|18102023|10525,48|0|0|0|10525,48|1|0|0|0|0|0|0|0|0|173,67|799,93|0|0|
|C110|000002||
|C110|000006||
|C110|000013||
|C110|000014||
|C190|000|5920|0|10525,48|0|0|0|0|0|0||
|C100|1|0|C0000006733|55|00|006|11584|35231002258243000745550060000115841395935790|18102023|18102023|70975,2|0|0|0|70975,2|1|0|0|0|70975,2|8517,44|0|0|0|1171,1|5394,12|0|0|
|C110|000007||
|C110|000002||
|C110|000008||
|C110|000009||
|C110|000010||
|C110|000011||
|C190|551|5101|18|70975,2|70975,2|8517,44|0|0|0|0||
|C100|1|0|C0000006733|55|00|006|11586|35231002258243000745550060000115861546831275|18102023|18102023|73932,5|0|0|0|73932,5|1|0|0|0|73932,5|8872,34|0|0|0|1219,88|5618,88|0|0|
|C110|000007||
|C110|000002||
|C110|000008||
|C110|000009||
|C110|000010||
|C110|000011||
|C190|551|5101|18|73932,5|73932,5|8872,34|0|0|0|0||
|C100|1|0|C0000006733|55|00|006|11585|35231002258243000745550060000115851874393358|18102023|18102023|72437,4|0|0|0|72437,4|1|0|0|0|72437,4|8692,92|0|0|0|1195,22|5505,24|0|0|
|C110|000007||
|C110|000002||
|C110|000008||
|C110|000009||
|C110|000010||
|C110|000011||
|C190|551|5101|18|72437,4|72437,4|8692,92|0|0|0|0||
|C100|1|0|C0000006733|55|00|006|11582|35231002258243000745550060000115821172398374|18102023|18102023|9021,84|0|0|0|9021,84|1|0|0|0|0|0|0|0|0|148,86|685,66|0|0|
|C110|000002||
|C110|000006||
|C110|000013||
|C110|000014||
|C190|000|5920|0|9021,84|0|0|0|0|0|0||
|C100|1|0|V0000014448|55|00|006|11462|35231002258243000745550060000114621769930225|02102023|02102023|17793,37|2|0|0|17793,37|1|0|0|0|0|0|0|0|0|0|0|0|0|
|C110|000033||
|C113|0|1|V0000014448|55|20||749130|22072023|35230745990181000189550200007491301850592922|
|C110|000006||
|C110|000013||
|C110|000014||
|C190|240|5921|0|17793,37|0|0|0|0|0|0||
|C195|000005|Devolução NF 000749130-20,22/07/2023|
|C100|1|0||55|02|006|11463|35231002258243000745550060000114631632155690|||||||||||||||||||||
|C100|1|0|C0008001303|55|00|006|11464|35231002258243000745550060000114641749129394|02102023|02102023|21000|1|0|0|21000|1|0|0|0|0|0|0|0|0|346,5|1596|0|0|
|C110|000012||
|C110|000002||
|C110|000026||
|C110|000027||
|C110|000006||
|C110|000013||
|C110|000014||
|C190|040|6920|0|21000|0|0|0|0|0|0||
|C100|1|0|C0000006733|55|00|006|11589|35231002258243000745550060000115891727240823|18102023|18102023|10525,48|0|0|0|10525,48|1|0|0|0|0|0|0|0|0|173,67|799,93|0|0|
|C110|000002||
|C110|000006||
|C110|000013||
|C110|000014||
|C190|000|5920|0|10525,48|0|0|0|0|0|0||
|C100|1|0|C0000006733|55|00|006|11588|35231002258243000745550060000115881340867554|18102023|18102023|73932,5|0|0|0|73932,5|1|0|0|0|73932,5|8872,34|0|0|0|1219,88|5618,88|0|0|
|C110|000007||
|C110|000002||
|C110|000008||
|C110|000009||
|C110|000010||
|C110|000011||
|C190|551|5101|18|73932,5|73932,5|8872,34|0|0|0|0||
|C100|1|0|C0000006733|55|00|006|11583|35231002258243000745550060000115831582463807|18102023|18102023|9773,66|0|0|0|9773,66|1|0|0|0|0|0|0|0|0|161,27|742,8|0|0|
|C110|000002||
|C110|000006||
|C110|000013||
|C110|000014||
|C190|000|5920|0|9773,66|0|0|0|0|0|0||
|C100|1|0|C0000007343|55|00|006|11591|35231002258243000745550060000115911666603687|18102023|18102023|35038,8|1|0|0|35038,8|0|0|0|0|0|0|0|0|0|578,14|2662,95|0|0|
|C110|000002||
|C110|000003||
|C110|000004||
|C190|000|5920|0|35038,8|0|0|0|0|0|0||
|C100|1|0|C0000007343|55|00|006|11590|35231002258243000745550060000115901749600998|18102023|18102023|48751,2|1|0|0|48751,2|0|0|0|0|18628,8|3353,18|0|0|0|804,4|3705,09|0|0|
|C110|000002||
|C110|000005||
|C110|000006||
|C190|000|5125|18|18628,8|18628,8|3353,18|0|0|0|0||
|C190|050|5925|0|30122,4|0|0|0|0|0|0||
|C100|1|0|C0000006733|55|00|006|11471|35231002258243000745550060000114711731744482|02102023|02102023|9021,84|0|0|0|9021,84|1|0|0|0|0|0|0|0|0|148,86|685,66|0|0|
|C110|000002||
|C110|000006||
|C110|000013||
|C110|000014||
|C190|000|5920|0|9021,84|0|0|0|0|0|0||
|C100|1|0|C0000006733|55|00|006|11470|35231002258243000745550060000114701398073313|02102023|02102023|9021,84|0|0|0|9021,84|1|0|0|0|0|0|0|0|0|148,86|685,66|0|0|
|C110|000002||
|C110|000006||
|C110|000013||
|C110|000014||
|C190|000|5920|0|9021,84|0|0|0|0|0|0||
|C100|1|0|C0000006733|55|00|006|11466|35231002258243000745550060000114661533018610|02102023|02102023|72676,8|0|0|0|72676,8|1|0|0|0|72676,8|8721,66|0|0|0|1199,18|5523,44|0|0|
|C110|000007||
|C110|000002||
|C110|000008||
|C110|000009||
|C110|000010||
|C110|000011||
|C190|551|5101|18|72676,8|72676,8|8721,66|0|0|0|0||
|C100|1|0|B00310001|55|00|006|11472|35231002258243000745550060000114721406065129|02102023|02102023|24106,81|2|0|0|24106,81|1|0|0|0|24106,81|2892,82|0|0|0|0|0|0|0|
|C110|000002||
|C110|000013||
|C110|000014||
|C190|000|6151|12|24106,81|24106,81|2892,82|0|0|0|0||
|C100|1|0|V0000061750|55|00|006|11473|35231002258243000745550060000114731228033495|02102023|02102023|686,5|1|0|0|686,5|1|0|0|0|686,5|123,57|0|0|0|11,33|52,17|0|0|
|C110|000034||
|C113|0|1|V0000061750|55|3||253456|21092023|35230962672415000169550030002534561157142726|
|C110|000002||
|C190|000|5201|18|686,5|686,5|123,57|0|0|0|0||
|C195|000006|Devolução NF 000253456-3,21/09/2023|
|C100|1|0|V0000044990|55|00|006|11474|35231002258243000745550060000114741424368264|02102023|02102023|296,1|2|0|0|296,1|9|0|0|0|0|0|0|0|0|0|0|0|0|
|C110|000025||
|C110|000026||
|C110|000027||
|C190|090|5901|0|296,1|0|0|0|0|0|0||
|C100|1|0|V0007007400|55|00|006|11475|35231002258243000745550060000114751398292526|02102023|02102023|4535,92|2|0|0|4535,92|9|0|0|0|0|0|0|0|0|0|0|0|0|
|C110|000025||
|C110|000026||
|C110|000027||
|C190|090|6949|0|4535,92|0|0|0|0|0|0||
|C100|1|0|C0000007343|55|00|006|11593|35231002258243000745550060000115931425087120|18102023|18102023|35038,8|1|0|0|35038,8|0|0|0|0|0|0|0|0|0|578,14|2662,95|0|0|
|C110|000002||
|C110|000003||
|C110|000004||
|C190|000|5920|0|35038,8|0|0|0|0|0|0||
|C100|1|0|C0000007343|55|00|006|11592|35231002258243000745550060000115921677517040|18102023|18102023|48638,4|1|0|0|48638,4|0|0|0|0|18945,6|3410,2|0|0|0|802,54|3696,52|0|0|
|C110|000002||
|C110|000005||
|C110|000006||
|C190|000|5125|18|18945,6|18945,6|3410,2|0|0|0|0||
|C190|050|5925|0|29692,8|0|0|0|0|0|0||
|C100|0|1|B00310001|55|00|002|326080|41231002258243000150550020003260801566083348|02102023|03102023|1023073,48|2|0|0|1023073,48|0|0|0|0|1023073,48|40922,94|0|0|0|0|0|0|0|
|C110|000002||
|C170|1|G25440-100|ASM Motor KL-ECA-BBL2___-. 8-138-P375_-N|4224|PÇ|1023073,48|0|0|200|2151|2151/AA|1023073,48|4|40922,94|0|0|0|0|05||0|0|0|98|0|0|0|0|0|98|0|0|0|0|0||0|
|C190|200|2151|4|1023073,48|1023073,48|40922,94|0|0|0|0||
|C100|1|0|C0008001108|55|00|006|11477|35231002258243000745550060000114771773478156|03102023|03102023|28540|1|0|0|28540|0|0|0|0|0|0|0|0|0|470,91|2169,04|0|0|
|C110|000022||
|C110|000023||
|C110|000013||
|C110|000014||
|C190|041|5501|0|28540|0|0|0|0|0|0||
|C100|0|1|B00310001|55|00|002|326018|41230902258243000150550020003260181839061060|29092023|03102023|174582,45|2|0|0|174582,45|0|0|0|0|174582,45|6983,3|0|0|0|0|0|0|0|
|C110|000002||
|C170|1|C83899-101|Flapperdoor KL-N_-M-USE|20480|PÇ|6267,73|0|0|200|2151|2151/AA|6267,73|4|250,71|0|0|0|0|05||0|0|0|98|0|0|0|0|0|98|0|0|0|0|0||0|
|C170|2|E96458-102|Barra de guia FH FH-R_-SE-___KSP-P375_-N|5400|PÇ|46144,13|0|0|200|2151|2151/AA|46144,13|4|1845,77|0|0|0|0|05||0|0|0|98|0|0|0|0|0|98|0|0|0|0|0||0|
|C170|3|E96460-102|Barra de guia FH FH-L_-SE-___KSP-P703_-N|5400|PÇ|46435,5|0|0|200|2151|2151/AA|46435,5|4|1857,42|0|0|0|0|05||0|0|0|98|0|0|0|0|0|98|0|0|0|0|0||0|
|C170|4|E96462-102|Barra de guia FH FH-R_-SE-___KSP-P703_-N|2700|PÇ|23960,25|0|0|200|2151|2151/AA|23960,25|4|958,41|0|0|0|0|05||0|0|0|98|0|0|0|0|0|98|0|0|0|0|0||0|
|C170|5|E96464-102|Barra de guia FH FH-L_-SE-___KSP-P703_-N|2700|PÇ|23960,25|0|0|200|2151|2151/AA|23960,25|4|958,41|0|0|0|0|05||0|0|0|98|0|0|0|0|0|98|0|0|0|0|0||0|
|C170|6|G07255-100|Vedação KL-N_----SON-P703_-N|1500|PÇ|15298,59|0|0|200|2151|2151/AA|15298,59|4|611,94|0|0|0|0|05||0|0|0|98|0|0|0|0|0|98|0|0|0|0|0||0|
|C170|7|G07261-100|Vedação KL-N_----SON-P703_-N|19200|PÇ|12516|0|0|200|2151|2151/AA|12516|4|500,64|0|0|0|0|05||0|0|0|98|0|0|0|0|0|98|0|0|0|0|0||0|
|C190|200|2151|4|174582,45|174582,45|6983,3|0|0|0|0||
|C100|0|1|B00310001|55|00|002|326019|41230902258243000150550020003260191856706411|29092023|03102023|99713,92|2|0|0|99713,92|0|0|0|0|99713,92|3988,55|0|0|0|0|0|0|0|
|C110|000002||
|C170|1|961828-200|Autocolan FH-S_-RE- 50,00- 22,00-BROSE|5905|PÇ|115,02|0|0|200|2151|2151/AA|115,02|4|4,6|0|0|0|0|05||0|0|0|98|0|0|0|0|0|98|0|0|0|0|0||0|
|C170|2|123964-100|Parafuso M5_TF___-RHT- 11,00-T25_-SO-N|24000|PÇ|2897,5|0|0|200|2151|2151/AA|2897,5|4|115,9|0|0|0|0|05||0|0|0|98|0|0|0|0|0|98|0|0|0|0|0||0|
|C170|3|974600-102|Polia cabos FH-S_- 40.0-STAND-N|5000|PÇ|2562,5|0|0|200|2151|2151/AA|2562,5|4|102,5|0|0|0|0|05||0|0|0|98|0|0|0|0|0|98|0|0|0|0|0||0|
|C170|4|C86145-100|CANTONEIRA FIXA FH FH-L_-160B_|3800|PÇ|13579,06|0|0|200|2151|2151/AA|13579,06|4|543,16|0|0|0|0|05||0|0|0|98|0|0|0|0|0|98|0|0|0|0|0||0|
|C170|5|C86161-103|ASM RSL FH-L_-VO-A_S-ADP-160B_|2375|PÇ|12817,82|0|0|200|2151|2151/AA|12817,82|4|512,71|0|0|0|0|05||0|0|0|98|0|0|0|0|0|98|0|0|0|0|0||0|
|C170|6|C86162-103|ASM RSL FH-R_-VO-A_S-ADP-160B_|2375|PÇ|12785,92|0|0|200|2151|2151/AA|12785,92|4|511,44|0|0|0|0|05||0|0|0|98|0|0|0|0|0|98|0|0|0|0|0||0|
|C170|7|C86163-107|ASM RSL FH-L_-HI-C_S-ADP-160B_|2375|PÇ|12734,46|0|0|200|2151|2151/AA|12734,46|4|509,38|0|0|0|0|05||0|0|0|98|0|0|0|0|0|98|0|0|0|0|0||0|
|C170|8|C86164-107|ASM RSL FH-R_-HI-C_S-ADP-160B_|2375|PÇ|12727,77|0|0|200|2151|2151/AA|12727,77|4|509,11|0|0|0|0|05||0|0|0|98|0|0|0|0|0|98|0|0|0|0|0||0|
|C170|9|C86165-100|CANTONEIRA FIXA FH FH-L_-160B_|4200|PÇ|9266,25|0|0|200|2151|2151/AA|9266,25|4|370,65|0|0|0|0|05||0|0|0|98|0|0|0|0|0|98|0|0|0|0|0||0|
|C170|10|C86166-100|CANTONEIRA FIXA FH FH-R_-160B_|4135|PÇ|9044,02|0|0|200|2151|2151/AA|9044,02|4|361,76|0|0|0|0|05||0|0|0|98|0|0|0|0|0|98|0|0|0|0|0||0|
|C170|11|C67298-100|Fan KL-EC-510-.10-W213_|220|PÇ|11183,6|0|0|200|2151|2151/AA|11183,6|4|447,34|0|0|0|0|05||0|0|0|98|0|0|0|0|0|98|0|0|0|0|0||0|
|C190|200|2151|4|99713,92|99713,92|3988,55|0|0|0|0||
|C195|000001|Consumo|
|C100|0|1|V0000044990|55|00|001|67083|35231064999527000154550010000670831294624000|16102023|18102023|16068|2|0|0|16068|1|0|0|0|0|0|0|0|0|0|0|0|0|
|C110|000012||
|C110|000002||
|C170|1|P00650-000|GLT BRO-KLBE-M-KU-SWA-1.010- 605- 650|26|PÇ|16068|0|0|040|1921|1921/AA|0|0|0|0|0|0|0|05||0|0|0|98|0|0|0|0|0|98|0|0|0|0|0||0|
|C190|040|1921|0|16068|0|0|0|0|0|0||
|C100|0|1|B00310001|55|00|002|326020|41230902258243000150550020003260201212637341|29092023|03102023|343,75|2|0|0|343,75|0|0|0|0|343,75|13,75|0|0|0|0|0|0|0|
|C110|000002||
|C170|1|964500-100|Encosto FH-S_-FLA-SONST-FUEGEN-M-USE-N|5000|PÇ|343,75|0|0|200|2151|2151/AA|343,75|4|13,75|0|0|0|0|05||0|0|0|98|0|0|0|0|0|98|0|0|0|0|0||0|
|C190|200|2151|4|343,75|343,75|13,75|0|0|0|0||
|C100|0|1|V0007004798|55|00|001|2604|35231042885266000109550010000026041232633640|04102023|10102023|89,76|1|0|0|89,76|0|0|0|0|0|0|0|0|0|0|0|0|0|
|C110|000025||
|C170|1|M20231016|LUVA SS1003 PU - TAM 7|24|PÇ|89,76|0|0|090|1556|1556/AA|0|0|0|0|0|0|0|49||0|0|0|98|0|0|0|0|0|98|0|0|0|0|0|0000080800|0|
|C190|090|1556|0|89,76|0|0|0|0|0|0|000001|
|C195|000001|Consumo|
|C100|0|1|V0000089798|55|00|001|300242|31230925170937000136550010003002421340432023|22092023|03102023|57261,68|1|0|0|57261,68|1|0|0|0|57261,68|6871,4|0|0|0|944,82|4351,9|0|0|
|C110|000002||
|C110|000017||
|C110|000018||
|C170|1|G26425-100|Shroud KL-EC-EIN-. 8-P703_|500|PÇ|6868,25|0|0|000|2101|2101/AA|6868,24|12|824,19|0|0|0|0|05||0|0|0|56|6868,25|1,65|0|0|113,33|56|6868,25|7,6|0|0|521,99|0000080800|0|
|C170|2|G25442-101|Fan KL-EC-530-. 8-U375_|560|PÇ|16247,44|0|0|000|2101|2101/AA|16247,45|12|1949,69|0|0|0|0|05||0|0|0|56|16247,44|1,65|0|0|268,08|56|16247,44|7,6|0|0|1234,81|0000080800|0|
|C170|3|G25949-102|Shroud KL-EC-EIN-. 8-P703_|550|PÇ|34145,99|0|0|000|2101|2101/AA|34145,99|12|4097,52|0|0|0|0|05||0|0|0|56|34145,99|1,65|0|0|563,41|56|34145,99|7,6|0|0|2595,1|0000080800|0|
|C190|000|2101|12|57261,68|57261,68|6871,4|0|0|0|0||
|C100|1|0|C0000004562|55|00|006|11480|35231002258243000745550060000114801519114720|03102023|03102023|13596|1|0|0|13596|1|0|0|0|0|0|0|0|0|224,33|1033,3|0|0|
|C110|000002||
|C190|000|5920|0|13596|0|0|0|0|0|0||
|C100|1|0|C0001000031|55|00|006|11479|35231002258243000745550060000114791531967818|03102023|03102023|1575|0|0|0|1575|1|0|0|0|0|0|0|0|0|25,99|119,7|0|0|
|C110|000033||
|C110|000006||
|C110|000013||
|C110|000014||
|C190|040|6921|0|1575|0|0|0|0|0|0||
|C100|1|0|B00310001|55|00|006|11482|35231002258243000745550060000114821044647082|03102023|03102023|8280,6|2|0|0|8280,6|1|0|0|0|8280,6|993,67|0|0|0|0|0|0|0|
|C110|000002||
|C110|000013||
|C110|000014||
|C190|000|6151|12|8280,6|8280,6|993,67|0|0|0|0||
|C100|1|0|B00310001|55|00|006|11481|35231002258243000745550060000114811478616112|03102023|03102023|8035,6|2|0|0|8035,6|1|0|0|0|8035,6|964,27|0|0|0|0|0|0|0|
|C110|000002||
|C110|000013||
|C110|000014||
|C190|000|6151|12|8035,6|8035,6|964,27|0|0|0|0||
|C100|0|1|V0000004598|55|00|002|326272|41231002258243000150550020003262721019643600|06102023|18102023|17000|2|0|0|17000|9|0|0|0|0|0|0|0|0|0|0|0|0|
|C110|000012||
|C110|000002||
|C170|1|3044J2-000|GLT FOR-KLBE-M-KU-___-1.200-1.000- 975|20|PÇ|17000|0|0|040|2920|2920/AA|0|0|0|0|0|0|0|05||0|0|0|98|0|0|0|0|0|98|0|0|0|0|0||0|
|C190|040|2920|0|17000|0|0|0|0|0|0||
|C100|0|1|V0000004598|55|00|002|326340|41231002258243000150550020003263401832287400|09102023|18102023|8500|2|0|0|8500|9|0|0|0|0|0|0|0|0|0|0|0|0|
|C110|000012||
|C110|000002||
|C170|1|3044J2-000|GLT FOR-KLBE-M-KU-___-1.200-1.000- 975|10|PÇ|8500|0|0|040|2920|2920/AA|0|0|0|0|0|0|0|05||0|0|0|98|0|0|0|0|0|98|0|0|0|0|0||0|
|C190|040|2920|0|8500|0|0|0|0|0|0||
|C100|0|1|V0000004598|55|00|002|326261|41231002258243000150550020003262611725641949|06102023|18102023|3515|2|0|0|3515|9|0|0|0|0|0|0|0|0|0|0|0|0|
|C110|000012||
|C110|000002||
|C170|1|P01113-000|Caixa Plástica CN-6415|85|PÇ|2975|0|0|040|2920|2920/AA|0|0|0|0|0|0|0|05||0|0|0|98|0|0|0|0|0|98|0|0|0|0|0||0|
|C170|2|3044FI-000|VHM TOY-DECK-M-KU-BLA-1.230-1.03|6|PÇ|540|0|0|040|2920|2920/AA|0|0|0|0|0|0|0|05||0|0|0|98|0|0|0|0|0|98|0|0|0|0|0||0|
|C190|040|2920|0|3515|0|0|0|0|0|0||
|C195|000004|Ativo Fixo|
|C100|0|1|V0000004598|55|00|002|326343|41231002258243000150550020003263431449373997|09102023|18102023|20|2|0|0|20|9|0|0|0|0|0|0|0|0|0|0|0|0|
|C110|000012||
|C110|000002||
|C170|1|P07174-000|PALLET|2|PÇ|20|0|0|040|2920|2920/AA|0|0|0|0|0|0|0|05||0|0|0|98|0|0|0|0|0|98|0|0|0|0|0||0|
|C190|040|2920|0|20|0|0|0|0|0|0||
|C100|0|1|V0000004598|55|00|002|326472|41231002258243000150550020003264721583357418|16102023|18102023|8500|2|0|0|8500|9|0|0|0|0|0|0|0|0|0|0|0|0|
|C110|000012||
|C110|000002||
|C170|1|3044J2-000|GLT FOR-KLBE-M-KU-___-1.200-1.000- 975|10|PÇ|8500|0|0|040|2920|2920/AA|0|0|0|0|0|0|0|05||0|0|0|98|0|0|0|0|0|98|0|0|0|0|0||0|
|C190|040|2920|0|8500|0|0|0|0|0|0||
|C100|0|1|V0000004598|55|00|002|326473|41231002258243000150550020003264731353701076|16102023|18102023|900|2|0|0|900|9|0|0|0|0|0|0|0|0|0|0|0|0|
|C110|000012||
|C110|000002||
|C170|1|P04609-000|GLT BRO-WELL-E-PA-BEI-1.120- 960- 690|5|PÇ|900|0|0|040|2920|2920/AA|0|0|0|0|0|0|0|05||0|0|0|98|0|0|0|0|0|98|0|0|0|0|0||0|
|C190|040|2920|0|900|0|0|0|0|0|0||
|C100|0|1|V0000004598|55|00|002|326474|41231002258243000150550020003264741798502875|16102023|18102023|160|2|0|0|160|9|0|0|0|0|0|0|0|0|0|0|0|0|
|C110|000012||
|C110|000002||
|C170|1|304408-000|KTL BRO-CVDA-M-KU-BLA- 300- 200- 148|16|PÇ|160|0|0|040|2920|2920/AA|0|0|0|0|0|0|0|05||0|0|0|98|0|0|0|0|0|98|0|0|0|0|0||0|
|C190|040|2920|0|160|0|0|0|0|0|0||
|C100|1|0|C0008001108|55|00|006|11528|35231002258243000745550060000115281904721130|10102023|10102023|34248|1|0|0|34248|0|0|0|0|0|0|0|0|0|565,09|2602,85|0|0|
|C110|000022||
|C110|000023||
|C110|000013||
|C110|000014||
|C190|041|5501|0|34248|0|0|0|0|0|0||
|C100|1|0|C0000006733|55|00|006|11530|35231002258243000745550060000115301143587435|10102023|10102023|72676,8|0|0|0|72676,8|1|0|0|0|72676,8|8721,66|0|0|0|1199,18|5523,44|0|0|
|C110|000007||
|C110|000002||
|C110|000008||
|C110|000009||
|C110|000010||
|C110|000011||
|C190|551|5101|18|72676,8|72676,8|8721,66|0|0|0|0||
|C100|1|0|C0000006733|55|00|006|11529|35231002258243000745550060000115291932900602|10102023|10102023|75705|0|0|0|75705|1|0|0|0|75705|9085,04|0|0|0|1249,14|5753,6|0|0|
|C110|000007||
|C110|000002||
|C110|000008||
|C110|000009||
|C110|000010||
|C110|000011||
|C190|551|5101|18|75705|75705|9085,04|0|0|0|0||
|C100|1|0|C0000006733|55|00|006|11531|35231002258243000745550060000115311436791190|10102023|10102023|9021,84|0|0|0|9021,84|1|0|0|0|0|0|0|0|0|148,86|685,66|0|0|
|C110|000002||
|C110|000006||
|C110|000013||
|C110|000014||
|C190|000|5920|0|9021,84|0|0|0|0|0|0||
|C100|0|1|V0000089798|55|00|001|300427|31231025170937000136550010003004271194062845|03102023|10102023|59124,19|1|0|0|59124,19|1|0|0|0|59124,18|7094,91|0|0|0|975,55|4493,44|0|0|
|C110|000002||
|C110|000017||
|C110|000018||
|C170|1|G26425-100|Shroud KL-EC-EIN-. 8-P703_|500|PÇ|6868,25|0|0|000|2101|2101/AA|6868,24|12|824,19|0|0|0|0|05||0|0|0|56|6868,25|1,65|0|0|113,33|56|6868,25|7,6|0|0|521,99|0000080800|0|
|C170|2|G25442-101|Fan KL-EC-530-. 8-U375_|580|PÇ|36008,48|0|0|000|2101|2101/AA|36008,48|12|4321,02|0|0|0|0|05||0|0|0|56|36008,48|1,65|0|0|594,14|56|36008,48|7,6|0|0|2736,64|0000080800|0|
|C170|3|G25949-102|Shroud KL-EC-EIN-. 8-P703_|560|PÇ|16247,46|0|0|000|2101|2101/AA|16247,46|12|1949,7|0|0|0|0|05||0|0|0|56|16247,46|1,65|0|0|268,08|56|16247,46|7,6|0|0|1234,81|0000080800|0|
|C190|000|2101|12|59124,19|59124,18|7094,91|0|0|0|0||
|C100|0|1|V0000012504|55|00|005|697616|35231059104760000353550050006976161007172064|09102023|10102023|28446,6|2|0|0|28446,6|9|0|0|0|0|0|0|0|0|0|0|0|0|
|C110|000012||
|C110|000002||
|C170|1|P01618-000|KTL TOY-FEST-M-KU-DGR- 400- 600- 340|52|PÇ|10541,44|0|0|040|1920|1920/AA|0|0|0|0|0|0|0|05||0|0|0|98|0|0|0|0|0|98|0|0|0|0|0||0|
|C170|2|P01617-000|KTL TOY-FEST-M-KU-DGR- 400- 600- 450|56|PÇ|14099,68|0|0|040|1920|1920/AA|0|0|0|0|0|0|0|05||0|0|0|98|0|0|0|0|0|98|0|0|0|0|0||0|
|C170|3|P03558-000|VHM TOY-DECK-M-KU-SWA-1.200- 800- 2|14|PÇ|1538,32|0|0|040|1920|1920/AA|0|0|0|0|0|0|0|05||0|0|0|98|0|0|0|0|0|98|0|0|0|0|0||0|
|C170|4|P00410-000|GLT TOY-PALE-M-KU-SWA-1.200- 800- 50|14|PÇ|2267,16|0|0|040|1920|1920/AA|0|0|0|0|0|0|0|05||0|0|0|98|0|0|0|0|0|98|0|0|0|0|0||0|
|C190|040|1920|0|28446,6|0|0|0|0|0|0||
|C100|0|1|V0000012504|55|00|005|697530|35231059104760000353550050006975301007171185|06102023|10102023|26427,78|2|0|0|26427,78|9|0|0|0|0|0|0|0|0|0|0|0|0|
|C110|000012||
|C110|000002||
|C170|1|P01618-000|KTL TOY-FEST-M-KU-DGR- 400- 600- 340|56|PÇ|11352,32|0|0|040|1920|1920/AA|0|0|0|0|0|0|0|05||0|0|0|98|0|0|0|0|0|98|0|0|0|0|0||0|
|C170|2|P01617-000|KTL TOY-FEST-M-KU-DGR- 400- 600- 450|48|PÇ|12085,44|0|0|040|1920|1920/AA|0|0|0|0|0|0|0|05||0|0|0|98|0|0|0|0|0|98|0|0|0|0|0||0|
|C170|3|P03558-000|VHM TOY-DECK-M-KU-SWA-1.200- 800- 2|11|PÇ|1208,68|0|0|040|1920|1920/AA|0|0|0|0|0|0|0|05||0|0|0|98|0|0|0|0|0|98|0|0|0|0|0||0|
|C170|4|P00410-000|GLT TOY-PALE-M-KU-SWA-1.200- 800- 50|11|PÇ|1781,34|0|0|040|1920|1920/AA|0|0|0|0|0|0|0|05||0|0|0|98|0|0|0|0|0|98|0|0|0|0|0||0|
|C190|040|1920|0|26427,78|0|0|0|0|0|0||
|C100|1|0|C0000006733|55|00|006|11532|35231002258243000745550060000115321976980313|10102023|10102023|10525,48|0|0|0|10525,48|1|0|0|0|0|0|0|0|0|173,67|799,93|0|0|
|C110|000002||
|C110|000006||
|C110|000013||
|C110|000014||
|C190|000|5920|0|10525,48|0|0|0|0|0|0||
|C100|0|1|V0000044990|55|00|001|66996|35231064999527000154550010000669961076770008|10102023|10102023|2384,08|2|0|0|2384,08|9|0|0|0|0|0|0|0|0|0|0|0|0|
|C110|000001||
|C110|000002||
|C170|1|G13543-000|Chapa 1,00- 650,0-NBR 7008 ZEE grau 1-N|51,22|KG|450,6|0|0|050|1903|1903/AA|0|0|0|0|0|0|0|05||0|0|0|98|0|0|0|0|0|98|0|0|0|0|0||0|
|C170|2|G13544-000|Chapa 1,00- 605,0-NBR 7008 ZEE grau 1-N|221,131|KG|1933,48|0|0|050|1903|1903/AA|0|0|0|0|0|0|0|05||0|0|0|98|0|0|0|0|0|98|0|0|0|0|0||0|
|C190|050|1903|0|2384,08|0|0|0|0|0|0||
|C100|0|1|B00310001|55|00|002|326265|41231002258243000150550020003262651075217144|06102023|10102023|63857,54|2|0|0|63857,54|0|0|0|0|63857,54|2554,31|0|0|0|0|0|0|0|
|C110|000002||
|C170|1|961828-200|Autocolan FH-S_-RE- 50,00- 22,00-BROSE|5905|PÇ|116,88|0|0|200|2151|2151/AA|116,88|4|4,68|0|0|0|0|05||0|0|0|98|0|0|0|0|0|98|0|0|0|0|0||0|
|C170|2|920058-201|Tambor de cabos FH-BS-EL-LS- 44,0-M-USE|16007|PÇ|8150,23|0|0|200|2151|2151/AA|8150,23|4|326,01|0|0|0|0|05||0|0|0|98|0|0|0|0|0|98|0|0|0|0|0||0|
|C170|3|997771-250|Bolt FH-___________________-S_-Y413_-N|60000|PÇ|17643,75|0|0|200|2151|2151/AA|17643,75|4|705,75|0|0|0|0|05||0|0|0|98|0|0|0|0|0|98|0|0|0|0|0||0|
|C170|4|C04714-100|Perno roscado FH-S_-M__6-EINPR-M-USE-N|16000|PÇ|3161,67|0|0|200|2151|2151/AA|3161,67|4|126,47|0|0|0|0|05||0|0|0|98|0|0|0|0|0|98|0|0|0|0|0||0|
|C170|5|C36380-101|Polia cabos FH-S_- 30,0-STAND-N|18048|PÇ|3171,56|0|0|200|2151|2151/AA|3171,56|4|126,86|0|0|0|0|05||0|0|0|98|0|0|0|0|0|98|0|0|0|0|0||0|
|C170|6|C86146-100|CANTONEIRA FIXA FH FH-R_-160B_|3800|PÇ|13455,56|0|0|200|2151|2151/AA|13455,56|4|538,22|0|0|0|0|05||0|0|0|98|0|0|0|0|0|98|0|0|0|0|0||0|
|C170|7|C67298-100|Fan KL-EC-510-.10-W213_|352|PÇ|18157,89|0|0|200|2151|2151/AA|18157,89|4|726,32|0|0|0|0|05||0|0|0|98|0|0|0|0|0|98|0|0|0|0|0||0|
|C190|200|2151|4|63857,54|63857,54|2554,31|0|0|0|0||
|C195|000001|Consumo|
|C100|0|1|B00310001|55|00|002|326266|41231002258243000150550020003262661336268984|06102023|10102023|108784,4|2|0|0|108784,4|0|0|0|0|108784,4|4351,37|0|0|0|0|0|0|0|
|C110|000002||
|C170|1|C83899-101|Flapperdoor KL-N_-M-USE|10240|PÇ|3057,06|0|0|200|2151|2151/AA|3057,06|4|122,28|0|0|0|0|05||0|0|0|98|0|0|0|0|0|98|0|0|0|0|0||0|
|C170|2|E96458-102|Barra de guia FH FH-R_-SE-___KSP-P375_-N|4500|PÇ|37765,78|0|0|200|2151|2151/AA|37765,78|4|1510,63|0|0|0|0|05||0|0|0|98|0|0|0|0|0|98|0|0|0|0|0||0|
|C170|3|E96460-102|Barra de guia FH FH-L_-SE-___KSP-P703_-N|4500|PÇ|37896,56|0|0|200|2151|2151/AA|37896,56|4|1515,86|0|0|0|0|05||0|0|0|98|0|0|0|0|0|98|0|0|0|0|0||0|
|C170|4|G07255-100|Vedação KL-N_----SON-P703_-N|3000|PÇ|30065|0|0|200|2151|2151/AA|30065|4|1202,6|0|0|0|0|05||0|0|0|98|0|0|0|0|0|98|0|0|0|0|0||0|
|C190|200|2151|4|108784,4|108784,4|4351,37|0|0|0|0||
|C100|1|0|C0008001109|55|00|006|11533|35231002258243000745550060000115331611695780|10102023|10102023|27687,52|1|0|0|26816|0|0|0|0|26816|4826,88|0|0|871,52|442,46|2038,02|0|0|
|C190|000|5101|18|27687,52|26816|4826,88|0|0|0|871,52||
|C100|0|1|V0000004598|55|00|002|326516|41231002258243000150550020003265161740457135|16102023|18102023|3100|2|0|0|3100|9|0|0|0|0|0|0|0|0|0|0|0|0|
|C110|000012||
|C110|000002||
|C170|1|P01113-000|Caixa Plástica CN-6415|40|PÇ|1400|0|0|040|2920|2920/AA|0|0|0|0|0|0|0|05||0|0|0|98|0|0|0|0|0|98|0|0|0|0|0||0|
|C170|2|3044J2-000|GLT FOR-KLBE-M-KU-___-1.200-1.000- 975|2|PÇ|1700|0|0|040|2920|2920/AA|0|0|0|0|0|0|0|05||0|0|0|98|0|0|0|0|0|98|0|0|0|0|0||0|
|C190|040|2920|0|3100|0|0|0|0|0|0||
|C100|1|0|C0000006470|55|00|006|11534|35231002258243000745550060000115341688784203|10102023|10102023|4000|1|0|0|4000|1|0|0|0|0|0|0|0|0|66|304|0|0|
|C110|000035||
|C110|000006||
|C110|000013||
|C110|000014||
|C190|040|5920|0|4000|0|0|0|0|0|0||
|C100|1|0|C0001000031|55|00|006|11535|35231002258243000745550060000115351582520951|10102023|10102023|1575|0|0|0|1575|1|0|0|0|0|0|0|0|0|25,99|119,7|0|0|
|C110|000033||
|C110|000006||
|C110|000013||
|C110|000014||
|C190|040|6921|0|1575|0|0|0|0|0|0||
|C100|1|0|B00310001|55|00|006|11536|35231002258243000745550060000115361666264155|10102023|10102023|33365,11|2|0|0|33365,11|1|0|0|0|33365,11|4003,81|0|0|0|0|0|0|0|
|C110|000002||
|C110|000013||
|C110|000014||
|C190|000|6151|12|33365,11|33365,11|4003,81|0|0|0|0||
|C100|1|0|B00310001|55|00|006|11537|35231002258243000745550060000115371410080010|10102023|10102023|41896,45|2|0|0|41896,45|1|0|0|0|41896,45|5027,57|0|0|0|0|0|0|0|
|C110|000002||
|C110|000013||
|C110|000014||
|C190|000|6151|12|41896,45|41896,45|5027,57|0|0|0|0||
|C100|1|0|B00310001|55|00|006|11538|35231002258243000745550060000115381349598848|10102023|10102023|16151,23|2|0|0|16151,23|1|0|0|0|16151,23|1938,15|0|0|0|0|0|0|0|
|C110|000002||
|C110|000013||
|C110|000014||
|C190|000|6151|12|16151,23|16151,23|1938,15|0|0|0|0||
|C100|1|0|B00310001|55|00|006|11539|35231002258243000745550060000115391843892694|10102023|10102023|16121|2|0|0|16121|1|0|0|0|16121|1934,52|0|0|0|0|0|0|0|
|C110|000002||
|C110|000013||
|C110|000014||
|C190|000|6151|12|16121|16121|1934,52|0|0|0|0||
|C100|0|1|V0000044990|55|00|001|66987|35231064999527000154550010000669871159796803|09102023|10102023|24720|2|0|0|24720|1|0|0|0|0|0|0|0|0|0|0|0|0|
|C110|000012||
|C110|000002||
|C170|1|P00650-000|GLT BRO-KLBE-M-KU-SWA-1.010- 605- 650|11|PÇ|6798|0|0|040|1921|1921/AA|0|0|0|0|0|0|0|05||0|0|0|98|0|0|0|0|0|98|0|0|0|0|0||0|
|C170|2|P00650-000|GLT BRO-KLBE-M-KU-SWA-1.010- 605- 650|29|PÇ|17922|0|0|040|1921|1921/AA|0|0|0|0|0|0|0|05||0|0|0|98|0|0|0|0|0|98|0|0|0|0|0||0|
|C190|040|1921|0|24720|0|0|0|0|0|0||
|C100|1|0|C0000004562|55|00|006|11540|35231002258243000745550060000115401664830660|10102023|10102023|17304|1|0|0|17304|1|0|0|0|0|0|0|0|0|285,52|1315,1|0|0|
|C110|000002||
|C190|000|5920|0|17304|0|0|0|0|0|0||
|C100|0|1|V0000061750|55|00|003|254988|35231062672415000169550030002549881158092566|11102023|18102023|2250|2|0|0|2250|0|0|0|0|0|0|0|0|0|0|0|0|0|
|C110|000012||
|C110|000002||
|C170|1|304412-000|KTL BRO-CVDA-M-KU-___- 600- 400- 280|45|PÇ|2250|0|0|040|1921|1921/AA|0|0|0|0|0|0|0|05||0|0|0|98|0|0|0|0|0|98|0|0|0|0|0||0|
|C190|040|1921|0|2250|0|0|0|0|0|0||
|C100|0|1|V0000089798|55|00|001|300619|31231025170937000136550010003006191418534558|14102023|18102023|32500,14|2|0|0|32500,14|1|0|0|0|0|0|0|0|0|0|0|0|0|
|C110|000012||
|C110|000002||
|C170|1|P04608-000|GLT BRO-WELL-E-PA-BEI-1.200-1.000- 600|6|PÇ|1297,14|0|0|140|2921|2921/AA|0|0|0|0|0|0|0|05||0|0|0|98|0|0|0|0|0|98|0|0|0|0|0||0|
|C170|2|P04609-000|GLT BRO-WELL-E-PA-BEI-1.120- 960- 690|17|PÇ|3043|0|0|040|2921|2921/AA|0|0|0|0|0|0|0|05||0|0|0|98|0|0|0|0|0|98|0|0|0|0|0||0|
|C170|3|P04609-000|GLT BRO-WELL-E-PA-BEI-1.120- 960- 690|40|PÇ|7160|0|0|040|2921|2921/AA|0|0|0|0|0|0|0|05||0|0|0|98|0|0|0|0|0|98|0|0|0|0|0||0|
|C170|4|P03908-000|VHM BRO-SPAI-M-KU-BLA- 925-1.110- 790|22|PÇ|6600|0|0|040|2921|2921/AA|0|0|0|0|0|0|0|05||0|0|0|98|0|0|0|0|0|98|0|0|0|0|0||0|
|C170|5|P03908-000|VHM BRO-SPAI-M-KU-BLA- 925-1.110- 790|6|PÇ|1800|0|0|040|2921|2921/AA|0|0|0|0|0|0|0|05||0|0|0|98|0|0|0|0|0|98|0|0|0|0|0||0|
|C170|6|304718-000|GLT BRO-KLBE-M-KU-GRA-1.200-1.000- 990|2|PÇ|1800|0|0|040|2921|2921/AA|0|0|0|0|0|0|0|05||0|0|0|98|0|0|0|0|0|98|0|0|0|0|0||0|
|C170|7|304718-000|GLT BRO-KLBE-M-KU-GRA-1.200-1.000- 990|12|PÇ|10800|0|0|040|2921|2921/AA|0|0|0|0|0|0|0|05||0|0|0|98|0|0|0|0|0|98|0|0|0|0|0||0|
|C190|040|2921|0|31203|0|0|0|0|0|0||
|C190|140|2921|0|1297,14|0|0|0|0|0|0||
|C100|1|0|C0000007343|55|00|006|11541|35231002258243000745550060000115411706470850|11102023|11102023|58501,44|1|0|0|58501,44|0|0|0|0|22354,56|4023,82|0|0|0|965,28|4446,1|0|0|
|C110|000002||
|C110|000005||
|C110|000006||
|C190|000|5125|18|22354,56|22354,56|4023,82|0|0|0|0||
|C190|050|5925|0|36146,88|0|0|0|0|0|0||
|C100|1|0|C0000007343|55|00|006|11542|35231002258243000745550060000115421637162851|11102023|11102023|42046,56|1|0|0|42046,56|0|0|0|0|0|0|0|0|0|693,77|3195,54|0|0|
|C110|000002||
|C110|000003||
|C110|000004||
|C190|000|5920|0|42046,56|0|0|0|0|0|0||
|C100|1|0|C0000007343|55|00|006|11543|35231002258243000745550060000115431751559150|11102023|11102023|58366,08|1|0|0|58366,08|0|0|0|0|22734,72|4092,24|0|0|0|963,04|4435,82|0|0|
|C110|000002||
|C110|000005||
|C110|000006||
|C190|000|5125|18|22734,72|22734,72|4092,24|0|0|0|0||
|C190|050|5925|0|35631,36|0|0|0|0|0|0||
|C100|1|0|C0000007343|55|00|006|11544|35231002258243000745550060000115441498726691|11102023|11102023|42046,56|1|0|0|42046,56|0|0|0|0|0|0|0|0|0|693,77|3195,54|0|0|
|C110|000002||
|C110|000003||
|C110|000004||
|C190|000|5920|0|42046,56|0|0|0|0|0|0||
|C100|1|0|C0008000357|55|00|006|11545|35231002258243000745550060000115451587076924|11102023|11102023|53,18|1|0|0|51,51|0|0|0|0|51,51|9,27|0|0|1,67|0,85|3,91|0|0|
|C110|000003||
|C110|000004||
|C190|000|5101|18|53,18|51,51|9,27|0|0|0|1,67||
|C100|1|0|C0008000357|55|00|006|11546|35231002258243000745550060000115461942130606|11102023|11102023|372,29|1|0|0|360,57|0|0|0|0|360,57|64,9|0|0|11,72|5,95|27,4|0|0|
|C110|000003||
|C110|000004||
|C110|000036||
|C190|500|5101|18|372,29|360,57|64,9|0|0|0|11,72||
|C100|0|1|B00310001|55|00|002|326260|41231002258243000150550020003262601755228660|06102023|11102023|12865,36|2|0|0|12865,36|0|0|0|0|12865,36|1543,84|0|0|0|0|0|0|0|
|C110|000002||
|C170|1|E35592-102|Cabo Bowden FH FH-R_-1TEIL-360B_|6900|PÇ|12865,36|0|0|000|2151|2151/AA|12865,36|12|1543,84|0|0|0|0|05||0|0|0|98|0|0|0|0|0|98|0|0|0|0|0||0|
|C190|000|2151|12|12865,36|12865,36|1543,84|0|0|0|0||
|C100|0|1|B00310001|55|00|002|326258|41231002258243000150550020003262581735712509|06102023|11102023|8417,5|2|0|0|8417,5|0|0|0|0|8417,5|1010,1|0|0|0|0|0|0|0|
|C110|000002||
|C170|1|E71036-101|Cabo Bowden FH FH-S_-OFFEN-SUV__|7400|PÇ|8417,5|0|0|000|2151|2151/AA|8417,5|12|1010,1|0|0|0|0|05||0|0|0|98|0|0|0|0|0|98|0|0|0|0|0||0|
|C190|000|2151|12|8417,5|8417,5|1010,1|0|0|0|0||
|C100|0|1|B00310001|55|00|002|326256|41231002258243000150550020003262561326913821|06102023|11102023|7679,55|2|0|0|7679,55|0|0|0|0|7679,55|921,55|0|0|0|0|0|0|0|
|C110|000002||
|C170|1|E35583-101|Cabo Bowden FH FH-R_-1TEIL-360B_|5000|PÇ|7679,55|0|0|000|2151|2151/AA|7679,55|12|921,55|0|0|0|0|05||0|0|0|98|0|0|0|0|0|98|0|0|0|0|0||0|
|C190|000|2151|12|7679,55|7679,55|921,55|0|0|0|0||
|C100|0|1|B00310001|55|00|002|326259|41231002258243000150550020003262591919750206|06102023|11102023|5125,36|2|0|0|5125,36|0|0|0|0|5125,36|615,04|0|0|0|0|0|0|0|
|C110|000002||
|C170|1|E35576-102|Cabo Bowden FH FH-R_-1TEIL-360B_|2400|PÇ|5125,36|0|0|000|2151|2151/AA|5125,36|12|615,04|0|0|0|0|05||0|0|0|98|0|0|0|0|0|98|0|0|0|0|0||0|
|C190|000|2151|12|5125,36|5125,36|615,04|0|0|0|0||
|C100|0|1|B00310001|55|00|002|326257|41231002258243000150550020003262571100184729|06102023|11102023|10590,14|2|0|0|10590,14|0|0|0|0|10590,14|1270,82|0|0|0|0|0|0|0|
|C110|000002||
|C170|1|E35588-102|Cabo Bowden FH FH-R_-1TEIL-360B_|5400|PÇ|10590,14|0|0|000|2151|2151/AA|10590,14|12|1270,82|0|0|0|0|05||0|0|0|98|0|0|0|0|0|98|0|0|0|0|0||0|
|C190|000|2151|12|10590,14|10590,14|1270,82|0|0|0|0||
|C100|0|1|B00310001|55|00|002|326329|41231002258243000150550020003263291450746379|09102023|11102023|10768,75|2|0|0|10768,75|0|0|0|0|10768,75|1292,25|0|0|0|0|0|0|0|
|C110|000002||
|C170|1|E35554-102|Cabo Bowden FH FH-L_-1TEIL-360B_|5000|PÇ|10768,75|0|0|000|2151|2151/AA|10768,75|12|1292,25|0|0|0|0|05||0|0|0|98|0|0|0|0|0|98|0|0|0|0|0||0|
|C190|000|2151|12|10768,75|10768,75|1292,25|0|0|0|0||
|C100|0|1|V0000044990|55|00|001|66991|35231064999527000154550010000669911165337206|09102023|11102023|1236|2|0|0|1236|1|0|0|0|0|0|0|0|0|0|0|0|0|
|C110|000012||
|C110|000002||
|C170|1|P00650-000|GLT BRO-KLBE-M-KU-SWA-1.010- 605- 650|2|PÇ|1236|0|0|040|1921|1921/AA|0|0|0|0|0|0|0|05||0|0|0|98|0|0|0|0|0|98|0|0|0|0|0||0|
|C190|040|1921|0|1236|0|0|0|0|0|0||
|C100|0|1|V0000061750|55|00|003|254569|35231062672415000169550030002545691157832780|05102023|11102023|1500|2|0|0|1500|0|0|0|0|0|0|0|0|0|0|0|0|0|
|C110|000012||
|C110|000002||
|C170|1|304412-000|KTL BRO-CVDA-M-KU-___- 600- 400- 280|30|PÇ|1500|0|0|040|1921|1921/AA|0|0|0|0|0|0|0|05||0|0|0|98|0|0|0|0|0|98|0|0|0|0|0||0|
|C190|040|1921|0|1500|0|0|0|0|0|0||
|C100|0|1|V0000004598|55|00|002|326332|41231002258243000150550020003263321305863330|09102023|11102023|2160|2|0|0|2160|9|0|0|0|0|0|0|0|0|0|0|0|0|
|C110|000012||
|C110|000002||
|C170|1|P04609-000|GLT BRO-WELL-E-PA-BEI-1.120- 960- 690|12|PÇ|2160|0|0|040|2920|2920/AA|0|0|0|0|0|0|0|05||0|0|0|98|0|0|0|0|0|98|0|0|0|0|0||0|
|C190|040|2920|0|2160|0|0|0|0|0|0||
|C100|0|1|V0000004598|55|00|002|326331|41231002258243000150550020003263311571382481|09102023|11102023|4400|2|0|0|4400|9|0|0|0|0|0|0|0|0|0|0|0|0|
|C110|000012||
|C110|000002||
|C170|1|P07160-000|GLT BRO-GEBI-E-PA-NAT-1.160- 855-1.300|20|PÇ|4400|0|0|040|2920|2920/AA|0|0|0|0|0|0|0|05||0|0|0|98|0|0|0|0|0|98|0|0|0|0|0||0|
|C190|040|2920|0|4400|0|0|0|0|0|0||
|C100|0|1|V0000004598|55|00|002|326330|41231002258243000150550020003263301268032286|09102023|11102023|790|2|0|0|790|9|0|0|0|0|0|0|0|0|0|0|0|0|
|C110|000012||
|C110|000002||
|C170|1|P01113-000|Caixa Plástica CN-6415|20|PÇ|700|0|0|040|2920|2920/AA|0|0|0|0|0|0|0|05||0|0|0|98|0|0|0|0|0|98|0|0|0|0|0||0|
|C170|2|3044FI-000|VHM TOY-DECK-M-KU-BLA-1.230-1.03|1|PÇ|90|0|0|040|2920|2920/AA|0|0|0|0|0|0|0|05||0|0|0|98|0|0|0|0|0|98|0|0|0|0|0||0|
|C190|040|2920|0|790|0|0|0|0|0|0||
|C195|000004|Ativo Fixo|
|C100|0|1|V0000012504|55|00|005|697683|35231059104760000353550050006976831007172733|09102023|11102023|23184,26|2|0|0|23184,26|9|0|0|0|0|0|0|0|0|0|0|0|0|
|C110|000012||
|C110|000002||
|C170|1|P01618-000|KTL TOY-FEST-M-KU-DGR- 400- 600- 340|40|PÇ|8108,8|0|0|040|1920|1920/AA|0|0|0|0|0|0|0|05||0|0|0|98|0|0|0|0|0|98|0|0|0|0|0||0|
|C170|2|P01617-000|KTL TOY-FEST-M-KU-DGR- 400- 600- 450|48|PÇ|12085,44|0|0|040|1920|1920/AA|0|0|0|0|0|0|0|05||0|0|0|98|0|0|0|0|0|98|0|0|0|0|0||0|
|C170|3|P03558-000|VHM TOY-DECK-M-KU-SWA-1.200- 800- 2|11|PÇ|1208,68|0|0|040|1920|1920/AA|0|0|0|0|0|0|0|05||0|0|0|98|0|0|0|0|0|98|0|0|0|0|0||0|
|C170|4|P00410-000|GLT TOY-PALE-M-KU-SWA-1.200- 800- 50|11|PÇ|1781,34|0|0|040|1920|1920/AA|0|0|0|0|0|0|0|05||0|0|0|98|0|0|0|0|0|98|0|0|0|0|0||0|
|C190|040|1920|0|23184,26|0|0|0|0|0|0||
|C100|0|1|B0000310001|55|00|002|326062|41231002258243000150550020003260621732578412|02102023|11102023|1575,77|2|0|0|1575,77|9|0|0|0|1575,77|189,1|0|0|0|0|0|0|0|
|C110|000026||
|C110|000027||
|C170|1|E24827-102|Acion.vid jan ES-EL-IE-LI-AN-LL-360B_-N|2|PÇ|308|0|0|500|2151|2151/AA|308|12|36,96|0|0|0|0|49||0|0|0|07|0|0|0|0|0|07|0|0|0|0|0||0|
|C170|2|E24828-102|Acion.vid jan ES-EL-IE-RE-AN-LL-360B_-N|2|PÇ|308|0|0|500|2151|2151/AA|308|12|36,96|0|0|0|0|49||0|0|0|07|0|0|0|0|0|07|0|0|0|0|0||0|
|C170|3|E24829-102|Acion.vid jan ES-EL-IE-LI-AN-LL-360B_-N|2|PÇ|334|0|0|500|2151|2151/AA|334|12|40,08|0|0|0|0|49||0|0|0|07|0|0|0|0|0|07|0|0|0|0|0||0|
|C170|4|E24830-102|Acion.vid jan ES-EL-IE-RE-AN-LL-360B_-N|2|PÇ|314|0|0|500|2151|2151/AA|314|12|37,68|0|0|0|0|49||0|0|0|07|0|0|0|0|0|07|0|0|0|0|0||0|
|C170|5|E35193-101|ASM Rail FH-L_-VO-A_S-SR-TIT-360B_|2|PÇ|29,18|0|0|000|2151|2151/AA|29,18|12|3,5|0|0|0|0|49||0|0|0|07|0|0|0|0|0|07|0|0|0|0|0||0|
|C170|6|E35194-101|ASM Rail FH-R_-VO-A_S-SR-TIT-360B_|2|PÇ|30,98|0|0|000|2151|2151/AA|30,98|12|3,72|0|0|0|0|49||0|0|0|07|0|0|0|0|0|07|0|0|0|0|0||0|
|C170|7|E35195-101|ASM Rail FH-L_-HI-C_S-SR-TIT-360B_|2|PÇ|22,48|0|0|000|2151|2151/AA|22,48|12|2,7|0|0|0|0|49||0|0|0|07|0|0|0|0|0|07|0|0|0|0|0||0|
|C170|8|E35196-101|ASM Rail FH-R_-HI-C_S-SR-TIT-360B_|2|PÇ|22,48|0|0|000|2151|2151/AA|22,48|12|2,7|0|0|0|0|49||0|0|0|07|0|0|0|0|0|07|0|0|0|0|0||0|
|C170|9|E64356-104|Acion.vid jan ES-EL-IE-LI-AN-LL-SU2B_-N|1|PÇ|39,95|0|0|000|2151|2151/AA|39,95|12|4,79|0|0|0|0|49||0|0|0|07|0|0|0|0|0|07|0|0|0|0|0||0|
|C170|10|E70989-104|Acion.vid jan ES-EL-IE-RE-AN-LL-SU2B_-N|1|PÇ|39,95|0|0|000|2151|2151/AA|39,95|12|4,79|0|0|0|0|49||0|0|0|07|0|0|0|0|0|07|0|0|0|0|0||0|
|C170|11|E70990-104|Acion.vid jan ES-EL-IE-LI-AN-LL-SU2B_-N|1|PÇ|40,8|0|0|000|2151|2151/AA|40,8|12|4,9|0|0|0|0|49||0|0|0|07|0|0|0|0|0|07|0|0|0|0|0||0|
|C170|12|E70991-104|Acion.vid jan ES-EL-IE-RE-AN-LL-SU2B_-N|1|PÇ|40,81|0|0|000|2151|2151/AA|40,81|12|4,9|0|0|0|0|49||0|0|0|07|0|0|0|0|0|07|0|0|0|0|0||0|
|C170|13|E87996-100|ASM Rail FH-L_-FA-SON-NI-TIT-M-USE|2|PÇ|10,6|0|0|000|2151|2151/AA|10,6|12|1,27|0|0|0|0|49||0|0|0|07|0|0|0|0|0|07|0|0|0|0|0||0|
|C170|14|E87997-100|ASM Rail FH-R_-BF-SON-NI-TIT-M-USE|2|PÇ|11,82|0|0|000|2151|2151/AA|11,82|12|1,42|0|0|0|0|49||0|0|0|07|0|0|0|0|0|07|0|0|0|0|0||0|
|C170|15|E87998-100|ASM Rail FH-L_-FA-S_U-NI-TIT-M-USE|2|PÇ|11,42|0|0|000|2151|2151/AA|11,42|12|1,37|0|0|0|0|49||0|0|0|07|0|0|0|0|0|07|0|0|0|0|0||0|
|C170|16|E87999-100|ASM Rail FH-R_-BF-S_U-NI-TIT-M-USE|2|PÇ|11,3|0|0|000|2151|2151/AA|11,3|12|1,36|0|0|0|0|49||0|0|0|07|0|0|0|0|0|07|0|0|0|0|0||0|
|C190|000|2151|12|311,77|311,77|37,42|0|0|0|0||
|C190|500|2151|12|1264|1264|151,68|0|0|0|0||
|C100|0|1|B0000310001|55|00|002|326319|41231002258243000150550020003263191881972827|09102023|11102023|461,7|2|0|0|461,7|9|0|0|0|0|0|0|0|0|0|0|0|0|
|C110|000025||
|C110|000026||
|C110|000027||
|C170|1|M20231017|GIZ DE CERA - ACRILEX|15|PÇ|43,35|0|0|090|2557|2557/AA|0|0|0|0|0|0|0|49||0|0|0|07|0|0|0|0|0|07|0|0|0|0|0||0|
|C170|2|M20231018|MASSA DE MODELAR - ACRILEX|15|PÇ|32,85|0|0|090|2557|2557/AA|0|0|0|0|0|0|0|49||0|0|0|07|0|0|0|0|0|07|0|0|0|0|0||0|
|C170|3|M20231019|BOLHA DE SABÃO|15|PÇ|57|0|0|090|2557|2557/AA|0|0|0|0|0|0|0|49||0|0|0|07|0|0|0|0|0|07|0|0|0|0|0||0|
|C170|4|M20231020|CREME DE MÃO|15|PÇ|328,5|0|0|090|2557|2557/AA|0|0|0|0|0|0|0|49||0|0|0|07|0|0|0|0|0|07|0|0|0|0|0||0|
|C190|090|2557|0|461,7|0|0|0|0|0|0|000001|
|C195|000001|Consumo|
|C100|0|1|B0000310001|55|00|002|326181|41231002258243000150550020003261811093001067|04102023|18102023|360|2|0|0|360|9|0|0|0|0|0|0|0|0|0|0|0|0|
|C110|000025||
|C110|000026||
|C110|000027||
|C170|1|M20231021|Embalagem Papelão|2|PÇ|360|0|0|090|2557|2557/AA|0|0|0|0|0|0|0|49||0|0|0|07|0|0|0|0|0|07|0|0|0|0|0||0|
|C190|090|2557|0|360|0|0|0|0|0|0|000001|
|C195|000001|Consumo|
|C100|1|0|C0000006733|55|00|006|11547|35231002258243000745550060000115471777751090|11102023|11102023|77202,3|0|0|0|77202,3|1|0|0|0|77202,3|9264,72|0|0|0|1273,84|5867,38|0|0|
|C110|000007||
|C110|000002||
|C110|000008||
|C110|000009||
|C110|000010||
|C110|000011||
|C190|551|5101|18|77202,3|77202,3|9264,72|0|0|0|0||
|C100|1|0|C0000002543|55|00|006|11548|35231002258243000745550060000115481682270700|11102023|11102023|412962,22|1|0|0|412962,22|1|0|0|0|0|0|0|0|0|1339,69|6170,69|0|0|
|C110|000024||
|C110|000023||
|C110|000013||
|C110|000014||
|C190|041|7101|0|412962,22|0|0|0|0|0|0||
|C100|0|1|B0000310001|55|00|002|326228|41231002258243000150550020003262281354511754|05102023|18102023|360|2|0|0|360|9|0|0|0|0|0|0|0|0|0|0|0|0|
|C110|000025||
|C110|000026||
|C110|000027||
|C170|1|M20231021|Embalagem Papelão|2|PÇ|360|0|0|090|2557|2557/AA|0|0|0|0|0|0|0|49||0|0|0|07|0|0|0|0|0|07|0|0|0|0|0||0|
|C190|090|2557|0|360|0|0|0|0|0|0|000001|
|C195|000001|Consumo|
|C100|1|0|C0000006733|55|00|006|11551|35231002258243000745550060000115511820282428|11102023|11102023|11277,3|0|0|0|11277,3|1|0|0|0|0|0|0|0|0|186,08|857,07|0|0|
|C110|000002||
|C110|000006||
|C110|000013||
|C110|000014||
|C190|000|5920|0|11277,3|0|0|0|0|0|0||
|C100|1|0|C0000006733|55|00|006|11553|35231002258243000745550060000115531068559098|11102023|11102023|72676,8|0|0|0|72676,8|1|0|0|0|72676,8|8721,66|0|0|0|1199,18|5523,44|0|0|
|C110|000007||
|C110|000002||
|C110|000008||
|C110|000009||
|C110|000010||
|C110|000011||
|C190|551|5101|18|72676,8|72676,8|8721,66|0|0|0|0||
|C100|1|0|C0000006733|55|00|006|11552|35231002258243000745550060000115521119137449|11102023|11102023|72676,8|0|0|0|72676,8|1|0|0|0|72676,8|8721,66|0|0|0|1199,18|5523,44|0|0|
|C110|000007||
|C110|000002||
|C110|000008||
|C110|000009||
|C110|000010||
|C110|000011||
|C190|551|5101|18|72676,8|72676,8|8721,66|0|0|0|0||
|C100|1|0|V0000044990|55|00|006|11550|35231002258243000745550060000115501264484818|11102023|11102023|88240,41|2|0|0|88240,41|1|0|0|0|0|0|0|0|0|0|0|0|0|
|C110|000037||
|C110|000020||
|C110|000001||
|C110|000006||
|C110|000013||
|C110|000014||
|C190|050|5949|0|88240,41|0|0|0|0|0|0||
|C195|000002|110|
|C100|1|0|V0000044990|55|00|006|11549|35231002258243000745550060000115491054115580|11102023|11102023|58466,86|2|0|0|58466,86|1|0|0|0|0|0|0|0|0|0|0|0|0|
|C110|000038||
|C110|000020||
|C110|000001||
|C110|000006||
|C110|000013||
|C110|000014||
|C190|050|5949|0|58466,86|0|0|0|0|0|0||
|C195|000002|110|
|C100|1|0|C0000006733|55|00|006|11554|35231002258243000745550060000115541319445150|11102023|11102023|9021,84|0|0|0|9021,84|1|0|0|0|0|0|0|0|0|148,86|685,66|0|0|
|C110|000002||
|C110|000006||
|C110|000013||
|C110|000014||
|C190|000|5920|0|9021,84|0|0|0|0|0|0||
|C100|0|1|V0000012504|55|00|005|697837|35231059104760000353550050006978371007174270|10102023|11102023|25888,72|2|0|0|25888,72|9|0|0|0|0|0|0|0|0|0|0|0|0|
|C110|000012||
|C110|000002||
|C170|1|P01618-000|KTL TOY-FEST-M-KU-DGR- 400- 600- 340|52|PÇ|10541,44|0|0|040|1920|1920/AA|0|0|0|0|0|0|0|05||0|0|0|98|0|0|0|0|0|98|0|0|0|0|0||0|
|C170|2|P01617-000|KTL TOY-FEST-M-KU-DGR- 400- 600- 450|48|PÇ|12085,44|0|0|040|1920|1920/AA|0|0|0|0|0|0|0|05||0|0|0|98|0|0|0|0|0|98|0|0|0|0|0||0|
|C170|3|P03558-000|VHM TOY-DECK-M-KU-SWA-1.200- 800- 2|12|PÇ|1318,56|0|0|040|1920|1920/AA|0|0|0|0|0|0|0|05||0|0|0|98|0|0|0|0|0|98|0|0|0|0|0||0|
|C170|4|P00410-000|GLT TOY-PALE-M-KU-SWA-1.200- 800- 50|12|PÇ|1943,28|0|0|040|1920|1920/AA|0|0|0|0|0|0|0|05||0|0|0|98|0|0|0|0|0|98|0|0|0|0|0||0|
|C190|040|1920|0|25888,72|0|0|0|0|0|0||
|C100|1|0|C0000006733|55|00|006|11555|35231002258243000745550060000115551921192067|11102023|11102023|9021,84|0|0|0|9021,84|1|0|0|0|0|0|0|0|0|148,86|685,66|0|0|
|C110|000002||
|C110|000006||
|C110|000013||
|C110|000014||
|C190|000|5920|0|9021,84|0|0|0|0|0|0||
|C100|1|0|C0000007343|55|00|006|11556|35231002258243000745550060000115561834270679|16102023|16102023|48751,2|1|0|0|48751,2|0|0|0|0|18628,8|3353,18|0|0|0|804,4|3705,09|0|0|
|C110|000002||
|C110|000005||
|C110|000006||
|C190|000|5125|18|18628,8|18628,8|3353,18|0|0|0|0||
|C190|050|5925|0|30122,4|0|0|0|0|0|0||
|C100|1|0|C0000007343|55|00|006|11559|35231002258243000745550060000115591324917818|16102023|16102023|35038,8|1|0|0|35038,8|0|0|0|0|0|0|0|0|0|578,14|2662,95|0|0|
|C110|000002||
|C110|000003||
|C110|000004||
|C190|000|5920|0|35038,8|0|0|0|0|0|0||
|C100|1|0|C0000007343|55|00|006|11557|35231002258243000745550060000115571307787176|16102023|16102023|35038,8|1|0|0|35038,8|0|0|0|0|0|0|0|0|0|578,14|2662,95|0|0|
|C110|000002||
|C110|000003||
|C110|000004||
|C190|000|5920|0|35038,8|0|0|0|0|0|0||
|C100|1|0|C0000007343|55|00|006|11558|35231002258243000745550060000115581786878743|16102023|16102023|48638,4|1|0|0|48638,4|0|0|0|0|18945,6|3410,2|0|0|0|802,54|3696,52|0|0|
|C110|000002||
|C110|000005||
|C110|000006||
|C190|000|5125|18|18945,6|18945,6|3410,2|0|0|0|0||
|C190|050|5925|0|29692,8|0|0|0|0|0|0||
|C100|0|1|V0000012504|55|00|005|697948|35231059104760000353550050006979481007175381|11102023|16102023|29649,96|2|0|0|29649,96|9|0|0|0|0|0|0|0|0|0|0|0|0|
|C110|000012||
|C110|000002||
|C170|1|P01618-000|KTL TOY-FEST-M-KU-DGR- 400- 600- 340|48|PÇ|9730,56|0|0|040|1920|1920/AA|0|0|0|0|0|0|0|05||0|0|0|98|0|0|0|0|0|98|0|0|0|0|0||0|
|C170|2|P01617-000|KTL TOY-FEST-M-KU-DGR- 400- 600- 450|64|PÇ|16113,92|0|0|040|1920|1920/AA|0|0|0|0|0|0|0|05||0|0|0|98|0|0|0|0|0|98|0|0|0|0|0||0|
|C170|3|P03558-000|VHM TOY-DECK-M-KU-SWA-1.200- 800- 2|14|PÇ|1538,32|0|0|040|1920|1920/AA|0|0|0|0|0|0|0|05||0|0|0|98|0|0|0|0|0|98|0|0|0|0|0||0|
|C170|4|P00410-000|GLT TOY-PALE-M-KU-SWA-1.200- 800- 50|14|PÇ|2267,16|0|0|040|1920|1920/AA|0|0|0|0|0|0|0|05||0|0|0|98|0|0|0|0|0|98|0|0|0|0|0||0|
|C190|040|1920|0|29649,96|0|0|0|0|0|0||
|C100|0|1|V0000012504|55|00|005|697771|35231059104760000353550050006977711007173610|10102023|16102023|30415,76|2|0|0|30415,76|9|0|0|0|0|0|0|0|0|0|0|0|0|
|C110|000012||
|C110|000002||
|C170|1|P01618-000|KTL TOY-FEST-M-KU-DGR- 400- 600- 340|64|PÇ|12974,08|0|0|040|1920|1920/AA|0|0|0|0|0|0|0|05||0|0|0|98|0|0|0|0|0|98|0|0|0|0|0||0|
|C170|2|P01617-000|KTL TOY-FEST-M-KU-DGR- 400- 600- 450|52|PÇ|13092,56|0|0|040|1920|1920/AA|0|0|0|0|0|0|0|05||0|0|0|98|0|0|0|0|0|98|0|0|0|0|0||0|
|C170|3|P03558-000|VHM TOY-DECK-M-KU-SWA-1.200- 800- 2|16|PÇ|1758,08|0|0|040|1920|1920/AA|0|0|0|0|0|0|0|05||0|0|0|98|0|0|0|0|0|98|0|0|0|0|0||0|
|C170|4|P00410-000|GLT TOY-PALE-M-KU-SWA-1.200- 800- 50|16|PÇ|2591,04|0|0|040|1920|1920/AA|0|0|0|0|0|0|0|05||0|0|0|98|0|0|0|0|0|98|0|0|0|0|0||0|
|C190|040|1920|0|30415,76|0|0|0|0|0|0||
|C100|0|1|V0000089798|55|00|001|300574|31231025170937000136550010003005741734927811|10102023|16102023|32500,14|2|0|0|32500,14|1|0|0|0|0|0|0|0|0|0|0|0|0|
|C110|000012||
|C110|000002||
|C170|1|P04609-000|GLT BRO-WELL-E-PA-BEI-1.120- 960- 690|57|PÇ|10203|0|0|040|2921|2921/AA|0|0|0|0|0|0|0|05||0|0|0|98|0|0|0|0|0|98|0|0|0|0|0||0|
|C170|2|P04608-000|GLT BRO-WELL-E-PA-BEI-1.200-1.000- 600|6|PÇ|1297,14|0|0|140|2921|2921/AA|0|0|0|0|0|0|0|05||0|0|0|98|0|0|0|0|0|98|0|0|0|0|0||0|
|C170|3|304718-000|GLT BRO-KLBE-M-KU-GRA-1.200-1.000- 990|14|PÇ|12600|0|0|040|2921|2921/AA|0|0|0|0|0|0|0|05||0|0|0|98|0|0|0|0|0|98|0|0|0|0|0||0|
|C170|4|P03908-000|VHM BRO-SPAI-M-KU-BLA- 925-1.110- 790|20|PÇ|6000|0|0|040|2921|2921/AA|0|0|0|0|0|0|0|05||0|0|0|98|0|0|0|0|0|98|0|0|0|0|0||0|
|C170|5|P03908-000|VHM BRO-SPAI-M-KU-BLA- 925-1.110- 790|7|PÇ|2100|0|0|040|2921|2921/AA|0|0|0|0|0|0|0|05||0|0|0|98|0|0|0|0|0|98|0|0|0|0|0||0|
|C170|6|P03908-000|VHM BRO-SPAI-M-KU-BLA- 925-1.110- 790|1|PÇ|300|0|0|040|2921|2921/AA|0|0|0|0|0|0|0|05||0|0|0|98|0|0|0|0|0|98|0|0|0|0|0||0|
|C190|040|2921|0|31203|0|0|0|0|0|0||
|C190|140|2921|0|1297,14|0|0|0|0|0|0||
|C100|0|1|V0000044990|55|00|001|66956|35231064999527000154550010000669561149493607|09102023|16102023|285,66|1|0|0|285,66|1|0|0|0|0|0|0|0|0|4,71|21,71|0,29|1,43|
|C110|000012||
|C110|000002||
|C110|000017||
|C110|000018||
|C170|1|E35197-100|Barra de guia FH FH-L_-SE-___KSP-360B_-N|900|PÇ|285,66|0|0|040|1124|1124/AA|0|0|0|0|0|0|0|05||0|0|0|56|285,66|1,65|0|0|4,71|56|285,66|7,6|0|0|21,71|0000080800|0|
|C190|040|1124|0|285,66|0|0|0|0|0|0||
|C195|000003|111|
|C100|0|1|V0000044990|55|00|001|66957|35231064999527000154550010000669571149493604|09102023|16102023|95,22|1|0|0|95,22|1|0|0|0|0|0|0|0|0|1,57|7,24|0,1|0,48|
|C110|000012||
|C110|000002||
|C110|000017||
|C110|000018||
|C170|1|E35198-100|Barra de guia FH FH-R_-SE-___KSP-360B_-N|300|PÇ|95,22|0|0|040|1124|1124/AA|0|0|0|0|0|0|0|05||0|0|0|56|95,22|1,65|0|0|1,57|56|95,22|7,6|0|0|7,24|0000080800|0|
|C190|040|1124|0|95,22|0|0|0|0|0|0||
|C195|000003|111|
|C100|0|1|V0000044990|55|00|001|66958|35231064999527000154550010000669581149493601|09102023|16102023|419,04|1|0|0|419,04|1|0|0|0|0|0|0|0|0|6,91|31,85|0,42|2,1|
|C110|000012||
|C110|000002||
|C110|000017||
|C110|000018||
|C170|1|E35199-100|Barra de guia FH FH-L_-SE-___KSP-360B_-N|1200|PÇ|419,04|0|0|040|1124|1124/AA|0|0|0|0|0|0|0|05||0|0|0|56|419,04|1,65|0|0|6,91|56|419,04|7,6|0|0|31,85|0000080800|0|
|C190|040|1124|0|419,04|0|0|0|0|0|0||
|C195|000003|111|
|C100|0|1|V0000044990|55|00|001|66959|35231064999527000154550010000669591149493609|09102023|16102023|209,52|1|0|0|209,52|1|0|0|0|0|0|0|0|0|3,46|15,92|0,21|1,05|
|C110|000012||
|C110|000002||
|C110|000017||
|C110|000018||
|C170|1|E35200-100|Barra de guia FH FH-R_-SE-___KSP-360B_-N|600|PÇ|209,52|0|0|040|1124|1124/AA|0|0|0|0|0|0|0|05||0|0|0|56|209,52|1,65|0|0|3,46|56|209,52|7,6|0|0|15,92|0000080800|0|
|C190|040|1124|0|209,52|0|0|0|0|0|0||
|C195|000003|111|
|C100|0|1|V0000044990|55|00|001|66960|35231064999527000154550010000669601149493600|09102023|16102023|788,2|1|0|0|788,2|1|0|0|0|0|0|0|0|0|13,01|59,9|0,79|3,94|
|C110|000012||
|C110|000002||
|C110|000017||
|C110|000018||
|C170|1|E71021-100|Barra de guia FH FH-L_-SE-417542-HKMC_-N|2800|PÇ|788,2|0|0|040|1124|1124/AA|0|0|0|0|0|0|0|05||0|0|0|56|788,2|1,65|0|0|13,01|56|788,2|7,6|0|0|59,9|0000080800|0|
|C190|040|1124|0|788,2|0|0|0|0|0|0||
|C195|000003|111|
|C100|0|1|V0000044990|55|00|001|66961|35231064999527000154550010000669611149493607|09102023|16102023|788,2|1|0|0|788,2|1|0|0|0|0|0|0|0|0|13,01|59,9|0,79|3,94|
|C110|000012||
|C110|000002||
|C110|000017||
|C110|000018||
|C170|1|E71022-100|Barra de guia FH FH-R_-SE-417542-FIT__-N|2800|PÇ|788,2|0|0|040|1124|1124/AA|0|0|0|0|0|0|0|05||0|0|0|56|788,2|1,65|0|0|13,01|56|788,2|7,6|0|0|59,9|0000080800|0|
|C190|040|1124|0|788,2|0|0|0|0|0|0||
|C195|000003|111|
|C100|0|1|V0000044990|55|00|001|66962|35231064999527000154550010000669621149493604|09102023|16102023|886,72|1|0|0|886,72|1|0|0|0|0|0|0|0|0|14,63|67,39|0,89|4,43|
|C110|000012||
|C110|000002||
|C110|000017||
|C110|000018||
|C170|1|E71025-100|Barra de guia FH FH-L_-SE-___KSP-HKMC_-N|3200|PÇ|886,72|0|0|040|1124|1124/AA|0|0|0|0|0|0|0|05||0|0|0|56|886,72|1,65|0|0|14,63|56|886,72|7,6|0|0|67,39|0000080800|0|
|C190|040|1124|0|886,72|0|0|0|0|0|0||
|C195|000003|111|
|C100|0|1|V0000044990|55|00|001|66963|35231064999527000154550010000669631149493601|09102023|16102023|886,72|1|0|0|886,72|1|0|0|0|0|0|0|0|0|14,63|67,39|0,89|4,43|
|C110|000012||
|C110|000002||
|C110|000017||
|C110|000018||
|C170|1|E71026-100|Barra de guia FH FH-R_-SE-___KSP-FIT__-N|3200|PÇ|886,72|0|0|040|1124|1124/AA|0|0|0|0|0|0|0|05||0|0|0|56|886,72|1,65|0|0|14,63|56|886,72|7,6|0|0|67,39|0000080800|0|
|C190|040|1124|0|886,72|0|0|0|0|0|0||
|C195|000003|111|
|C100|1|0|C0008001303|55|00|006|11560|35231002258243000745550060000115601468958016|16102023|16102023|28500|1|0|0|28500|1|0|0|0|0|0|0|0|0|470,25|2166|0|0|
|C110|000012||
|C110|000002||
|C110|000026||
|C110|000027||
|C110|000006||
|C110|000013||
|C110|000014||
|C190|040|6920|0|28500|0|0|0|0|0|0||
|C100|0|1|V0000048415|55|00|005|494153|41231043375930000132550050004941531770038307|04102023|16102023|391344|1|0|0|391344|1|0|0|0|391343,98|15653,76|0|0|0|6457,17|29742,14|0|0|
|C110|000002||
|C110|000017||
|C110|000018||
|C170|1|E17699-100|WRD Q-A-W-E-10-90_-AS-WR19_-E-1-360B_-N|960|PÇ|78268,78|0|0|000|2101|2101/AA|78268,78|4|3130,75|0|0|0|0|05||0|0|0|56|78268,78|1,65|0|0|1291,43|56|78268,78|7,6|0|0|5948,43|0000080800|0|
|C170|2|E17690-100|WRD P-A-W-E-10-90_-AS-WR19_-E-1-360B_-N|1440|PÇ|117403,21|0|0|000|2101|2101/AA|117403,2|4|4696,13|0|0|0|0|05||0|0|0|56|117403,21|1,65|0|0|1937,15|56|117403,21|7,6|0|0|8922,64|0000080800|0|
|C170|3|E17701-100|WRD Q-A-W-E-10-90_-AS-WR19_-E-1-360B_-N|960|PÇ|78268,8|0|0|000|2101|2101/AA|78268,8|4|3130,75|0|0|0|0|05||0|0|0|56|78268,8|1,65|0|0|1291,44|56|78268,8|7,6|0|0|5948,43|0000080800|0|
|C170|4|E17700-100|WRD P-A-W-E-10-90_-AS-WR19_-E-1-360B_-N|1440|PÇ|117403,21|0|0|000|2101|2101/AA|117403,2|4|4696,13|0|0|0|0|05||0|0|0|56|117403,21|1,65|0|0|1937,15|56|117403,21|7,6|0|0|8922,64|0000080800|0|
|C190|000|2101|4|391344|391343,98|15653,76|0|0|0|0||
|C100|0|1|V0000061750|55|00|003|254568|35231062672415000169550030002545681157832162|05102023|16102023|15904,8|1|0|0|15904,8|1|0|0|0|15904,8|2862,86|0|0|0|262,43|1208,76|0|0|
|C110|000002||
|C110|000017||
|C110|000018||
|C170|1|E33455-100|SAG FH-L_-BS-EL- 40,0-360B_-N|2400|PÇ|15904,8|0|0|000|1101|1101/AA|15904,8|18|2862,86|0|0|0|0|05||0|0|0|56|15904,8|1,65|0|0|262,43|56|15904,8|7,6|0|0|1208,76|0000080800|0|
|C190|000|1101|18|15904,8|15904,8|2862,86|0|0|0|0||
|C100|1|0|C0008001303|55|00|006|11594|35231002258243000745550060000115941256690131|18102023|18102023|24000|1|0|0|24000|1|0|0|0|0|0|0|0|0|396|1824|0|0|
|C110|000012||
|C110|000002||
|C110|000026||
|C110|000027||
|C110|000006||
|C110|000013||
|C110|000014||
|C190|040|6920|0|24000|0|0|0|0|0|0||
|C100|1|0|B0000310001|55|00|006|11465|35231002258243000745550060000114651239594513|02102023|02102023|435,88|2|0|0|435,88|9|0|0|0|435,88|52,3|0|0|0|0|0|0|0|
|C110|000030||
|C110|000026||
|C110|000027||
|C190|000|6151|12|435,88|435,88|52,3|0|0|0|0||
|C100|1|0|C0000006733|55|00|006|11561|35231002258243000745550060000115611271591725|16102023|16102023|73932,5|0|0|0|73932,5|1|0|0|0|73932,5|8872,34|0|0|0|1219,88|5618,88|0|0|
|C110|000007||
|C110|000002||
|C110|000008||
|C110|000009||
|C110|000010||
|C110|000011||
|C190|551|5101|18|73932,5|73932,5|8872,34|0|0|0|0||
|C100|1|0|C0000006733|55|00|006|11562|35231002258243000745550060000115621394406265|16102023|16102023|75427,6|0|0|0|75427,6|1|0|0|0|75427,6|9051,76|0|0|0|1244,56|5732,5|0|0|
|C110|000007||
|C110|000002||
|C110|000008||
|C110|000009||
|C110|000010||
|C110|000011||
|C190|551|5101|18|75427,6|75427,6|9051,76|0|0|0|0||
|C100|1|0|C0000006733|55|00|006|11563|35231002258243000745550060000115631949459914|16102023|16102023|10525,48|0|0|0|10525,48|1|0|0|0|0|0|0|0|0|173,67|799,93|0|0|
|C110|000002||
|C110|000006||
|C110|000013||
|C110|000014||
|C190|000|5920|0|10525,48|0|0|0|0|0|0||
|C100|1|0|C0000006733|55|00|006|11564|35231002258243000745550060000115641558055413|16102023|16102023|11277,3|0|0|0|11277,3|1|0|0|0|0|0|0|0|0|186,08|857,07|0|0|
|C110|000002||
|C110|000006||
|C110|000013||
|C110|000014||
|C190|000|5920|0|11277,3|0|0|0|0|0|0||
|C100|1|0|C0000002543|55|00|006|11565|35231002258243000745550060000115651771290472|16102023|16102023|284564,72|1|0|0|284564,72|1|0|0|0|0|0|0|0|0|927,48|4272,02|0|0|
|C110|000024||
|C110|000023||
|C110|000013||
|C110|000014||
|C190|041|7101|0|284564,72|0|0|0|0|0|0||
|C100|0|1|V0000089798|55|00|001|300573|31231025170937000136550010003005731339686516|10102023|16102023|59877|1|0|0|59877|1|0|0|0|59877|7185,24|0|0|0|987,97|4550,65|0|0|
|C110|000002||
|C110|000017||
|C110|000018||
|C170|1|G26425-100|Shroud KL-EC-EIN-. 8-P703_|600|PÇ|8241,9|0|0|000|2101|2101/AA|8241,9|12|989,03|0|0|0|0|05||0|0|0|56|8241,9|1,65|0|0|135,99|56|8241,9|7,6|0|0|626,38|0000080800|0|
|C170|2|G25442-101|Fan KL-EC-530-. 8-U375_|560|PÇ|16247,44|0|0|000|2101|2101/AA|16247,45|12|1949,69|0|0|0|0|05||0|0|0|56|16247,44|1,65|0|0|268,08|56|16247,44|7,6|0|0|1234,81|0000080800|0|
|C170|3|G25949-102|Shroud KL-EC-EIN-. 8-P703_|570|PÇ|35387,66|0|0|000|2101|2101/AA|35387,65|12|4246,52|0|0|0|0|05||0|0|0|56|35387,66|1,65|0|0|583,9|56|35387,66|7,6|0|0|2689,46|0000080800|0|
|C190|000|2101|12|59877|59877|7185,24|0|0|0|0||
|C100|0|1|V0000089798|55|00|001|300618|31231025170937000136550010003006181847792470|14102023|16102023|16247,44|1|0|0|16247,44|1|0|0|0|16247,45|1949,69|0|0|0|268,08|1234,81|0|0|
|C110|000002||
|C110|000017||
|C110|000018||
|C170|1|G25442-101|Fan KL-EC-530-. 8-U375_|560|PÇ|16247,44|0|0|000|2101|2101/AA|16247,45|12|1949,69|0|0|0|0|05||0|0|0|56|16247,44|1,65|0|0|268,08|56|16247,44|7,6|0|0|1234,81|0000080800|0|
|C190|000|2101|12|16247,44|16247,45|1949,69|0|0|0|0||
|C100|0|1|V0000089798|55|00|001|300617|31231025170937000136550010003006171898268445|14102023|16102023|43629,55|1|0|0|43629,55|1|0|0|0|43629,54|5235,55|0|0|0|719,89|3315,84|0|0|
|C110|000002||
|C110|000017||
|C110|000018||
|C170|1|G26425-100|Shroud KL-EC-EIN-. 8-P703_|600|PÇ|8241,9|0|0|000|2101|2101/AA|8241,9|12|989,03|0|0|0|0|05||0|0|0|56|8241,9|1,65|0|0|135,99|56|8241,9|7,6|0|0|626,38|0000080800|0|
|C170|2|G25949-102|Shroud KL-EC-EIN-. 8-P703_|570|PÇ|35387,65|0|0|000|2101|2101/AA|35387,64|12|4246,52|0|0|0|0|05||0|0|0|56|35387,65|1,65|0|0|583,9|56|35387,65|7,6|0|0|2689,46|0000080800|0|
|C190|000|2101|12|43629,55|43629,54|5235,55|0|0|0|0||
|C100|0|1|V0000066331|55|00|000|646048|35231033042730002239550000006460481077969916|11102023|16102023|61801,43|1|0|0|59856,11|1|0|0|0|59856,12|10774,1|0|0|1945,32|987,63|4549,06|0|0|
|C110|000017||
|C110|000018||
|C170|1|G13543-000|Chapa 1,00- 650,0-NBR 7008 ZEE grau 1-N|6646|KG|59856,11|0|0|000|1101|1101/AA|59856,12|18|10774,1|0|0|0|0|00||59856,12|3,25|1945,32|56|59856,11|1,65|0|0|987,63|56|59856,11|7,6|0|0|4549,06|0000080800|0|
|C190|000|1101|18|61801,43|59856,12|10774,1|0|0|0|1945,32||
|C100|0|1|V0000066331|55|00|000|646049|35231033042730002239550000006460491080602421|11102023|16102023|93847,35|1|0|0|90893,32|1|0|0|0|90893,31|16360,8|0|0|2954,03|1499,74|6907,89|0|0|
|C110|000017||
|C110|000018||
|C170|1|G13544-000|Chapa 1,00- 605,0-NBR 7008 ZEE grau 1-N|10092|KG|90893,32|0|0|000|1101|1101/AA|90893,31|18|16360,8|0|0|0|0|00||90893,31|3,25|2954,03|56|90893,32|1,65|0|0|1499,74|56|90893,32|7,6|0|0|6907,89|0000080800|0|
|C190|000|1101|18|93847,35|90893,31|16360,8|0|0|0|2954,03||
|C100|1|0|C0000007343|55|00|006|11566|35231002258243000745550060000115661216946181|17102023|17102023|48751,2|1|0|0|48751,2|0|0|0|0|18628,8|3353,18|0|0|0|804,4|3705,09|0|0|
|C110|000002||
|C110|000005||
|C110|000006||
|C190|000|5125|18|18628,8|18628,8|3353,18|0|0|0|0||
|C190|050|5925|0|30122,4|0|0|0|0|0|0||
|C100|1|0|C0000007343|55|00|006|11569|35231002258243000745550060000115691788479530|17102023|17102023|35038,8|1|0|0|35038,8|0|0|0|0|0|0|0|0|0|578,14|2662,95|0|0|
|C110|000002||
|C110|000003||
|C110|000004||
|C190|000|5920|0|35038,8|0|0|0|0|0|0||
|C100|1|0|C0000007343|55|00|006|11568|35231002258243000745550060000115681087864910|17102023|17102023|48638,4|1|0|0|48638,4|0|0|0|0|18945,6|3410,2|0|0|0|802,54|3696,52|0|0|
|C110|000002||
|C110|000005||
|C110|000006||
|C190|000|5125|18|18945,6|18945,6|3410,2|0|0|0|0||
|C190|050|5925|0|29692,8|0|0|0|0|0|0||
|C100|1|0|C0000007343|55|00|006|11567|35231002258243000745550060000115671122611442|17102023|17102023|35038,8|1|0|0|35038,8|0|0|0|0|0|0|0|0|0|578,14|2662,95|0|0|
|C110|000002||
|C110|000003||
|C110|000004||
|C190|000|5920|0|35038,8|0|0|0|0|0|0||
|C100|1|0|C0008001108|55|00|006|11570|35231002258243000745550060000115701700450116|17102023|17102023|39956|1|0|0|39956|0|0|0|0|0|0|0|0|0|659,27|3036,66|0|0|
|C110|000022||
|C110|000023||
|C110|000013||
|C110|000014||
|C190|041|5501|0|39956|0|0|0|0|0|0||
|C100|1|0|B0000310001|55|00|006|11525|35231002258243000745550060000115251177745416|09102023|09102023|101,42|2|0|0|101,42|9|0|0|0|101,42|12,17|0|0|0|0|0|0|0|
|C110|000030||
|C110|000026||
|C110|000027||
|C190|000|6151|12|101,42|101,42|12,17|0|0|0|0||
|C100|1|0|C0008001303|55|00|006|11571|35231002258243000745550060000115711808696830|17102023|17102023|35869,5|1|0|0|35869,5|1|0|0|0|0|0|0|0|0|591,85|2726,08|0|0|
|C110|000012||
|C110|000002||
|C110|000026||
|C110|000027||
|C190|040|6920|0|25060|0|0|0|0|0|0||
|C190|140|6920|0|10809,5|0|0|0|0|0|0||
|C100|1|0|C0000006470|55|00|006|11577|35231002258243000745550060000115776596328315|17102023|17102023|3000|1|0|0|3000|1|0|0|0|0|0|0|0|0|49,5|228|0|0|
|C110|000035||
|C110|000006||
|C110|000013||
|C110|000014||
|C190|040|5920|0|3000|0|0|0|0|0|0||
|C100|1|0|B00310001|55|00|006|11573|35231002258243000745550060000115731872736842|17102023|17102023|16682,56|2|0|0|16682,56|1|0|0|0|16682,56|2001,91|0|0|0|0|0|0|0|
|C110|000002||
|C110|000013||
|C110|000014||
|C190|000|6151|12|16682,56|16682,56|2001,91|0|0|0|0||
|C100|1|0|B00310001|55|00|006|11575|35231002258243000745550060000115751074730450|17102023|17102023|8075,61|2|0|0|8075,61|1|0|0|0|8075,61|969,07|0|0|0|0|0|0|0|
|C110|000002||
|C110|000013||
|C110|000014||
|C190|000|6151|12|8075,61|8075,61|969,07|0|0|0|0||
|C100|0|1|V0000072143|55|00|003|9462|35231018476245000155550030000094621487801863|09102023|10102023|259|0|0|0|259|0|0|0|0|0|0|0|0|0|0|0|0|0|
|C110|000025||
|C170|1|M20231022|Coffee CIPA|1|CDA|259|0|0|090|1556|1556/AA|0|0|0|0|0|0|0|49||0|0|0|98|0|0|0|0|0|98|0|0|0|0|0|0000066400|0|
|C190|090|1556|0|259|0|0|0|0|0|0|000001|
|C195|000001|Consumo|
|C100|1|0|C0001000031|55|00|006|11579|35231002258243000745550060000115796459711430|17102023|17102023|2340|0|0|0|2340|1|0|0|0|0|0|0|0|0|38,61|177,84|0|0|
|C110|000033||
|C110|000039||
|C110|000013||
|C110|000014||
|C190|040|6920|0|2340|0|0|0|0|0|0||
|C100|1|0|C0001000031|55|00|006|11578|35231002258243000745550060000115781055913202|17102023|17102023|1225|0|0|0|1225|1|0|0|0|0|0|0|0|0|20,21|93,1|0|0|
|C110|000035||
|C110|000006||
|C110|000013||
|C110|000014||
|C190|040|6920|0|1225|0|0|0|0|0|0||
|C100|1|0|B00310001|55|00|006|11576|35231002258243000745550060000115761499616532|17102023|17102023|8060,5|2|0|0|8060,5|1|0|0|0|8060,5|967,26|0|0|0|0|0|0|0|
|C110|000002||
|C110|000013||
|C110|000014||
|C190|000|6151|12|8060,5|8060,5|967,26|0|0|0|0||
|C100|1|0|C0000004562|55|00|006|11580|35231002258243000745550060000115806911586112|17102023|17102023|12978|1|0|0|12978|1|0|0|0|0|0|0|0|0|214,14|986,33|0|0|
|C110|000002||
|C190|000|5920|0|12978|0|0|0|0|0|0||
|C100|1|0|B00310001|55|00|006|11574|35231002258243000745550060000115741218053607|17102023|17102023|16758,58|2|0|0|16758,58|1|0|0|0|16758,58|2011,03|0|0|0|0|0|0|0|
|C110|000002||
|C110|000013||
|C110|000014||
|C190|000|6151|12|16758,58|16758,58|2011,03|0|0|0|0||
|C100|0|1|V0000072143|55|00|003|9440|35230918476245000155550030000094401902240065|30092023|04102023|8850,82|1|0|0|8850,82|0|0|0|0|0|0|0|0|0|0|0|0|0|
|C110|000025||
|C170|1|M20231023|REFEIÇÕES - JARINU - 2023|1|UR|8850,82|0|0|090|1556|1556/AA|0|0|0|0|0|0|0|49||0|0|0|98|0|0|0|0|0|98|0|0|0|0|0|0000066700|0|
|C190|090|1556|0|8850,82|0|0|0|0|0|0|000001|
|C195|000001|Consumo|
|C100|0|1|V0000044990|55|00|001|67102|35231064999527000154550010000671021130050009|17102023|17102023|2648,15|2|0|0|2648,15|9|0|0|0|0|0|0|0|0|0|0|0|0|
|C110|000001||
|C110|000002||
|C170|1|E44609-000|Chapa 1,20- 615,0-IN DX53D___________-N|77,95|KG|678,8|0|0|050|1903|1903/AA|0|0|0|0|0|0|0|05||0|0|0|98|0|0|0|0|0|98|0|0|0|0|0||0|
|C170|2|E44608-000|Chapa 1,50- 620,0-IN DX53D___________-N|154,69|KG|1298,33|0|0|050|1903|1903/AA|0|0|0|0|0|0|0|05||0|0|0|98|0|0|0|0|0|98|0|0|0|0|0||0|
|C170|3|G13543-000|Chapa 1,00- 650,0-NBR 7008 ZEE grau 1-N|76,276|KG|671,02|0|0|050|1903|1903/AA|0|0|0|0|0|0|0|05||0|0|0|98|0|0|0|0|0|98|0|0|0|0|0||0|
|C190|050|1903|0|2648,15|0|0|0|0|0|0||
|C100|1|0|C0000004564|55|00|006|11596|35231002258243000745550060000115961841195542|18102023|18102023|14400|1|0|0|14400|1|0|0|0|0|0|0|0|0|237,6|1094,4|0|0|
|C110|000033||
|C110|000006||
|C110|000013||
|C110|000014||
|C190|040|6920|0|14400|0|0|0|0|0|0||
|C100|0|1|V0000044990|55|00|001|67075|35231064999527000154550010000670751267321602|16102023|18102023|380,88|1|0|0|380,88|1|0|0|0|0|0|0|0|0|6,28|28,95|0,38|1,9|
|C110|000012||
|C110|000002||
|C110|000017||
|C110|000018||
|C170|1|E35197-100|Barra de guia FH FH-L_-SE-___KSP-360B_-N|1200|PÇ|380,88|0|0|040|1124|1124/AA|0|0|0|0|0|0|0|05||0|0|0|56|380,88|1,65|0|0|6,28|56|380,88|7,6|0|0|28,95|0000080800|0|
|C190|040|1124|0|380,88|0|0|0|0|0|0||
|C195|000003|111|
|C100|0|1|V0000044990|55|00|001|67076|35231064999527000154550010000670761267321600|16102023|18102023|571,32|1|0|0|571,32|1|0|0|0|0|0|0|0|0|9,43|43,42|0,57|2,86|
|C110|000012||
|C110|000002||
|C110|000017||
|C110|000018||
|C170|1|E35198-100|Barra de guia FH FH-R_-SE-___KSP-360B_-N|1800|PÇ|571,32|0|0|040|1124|1124/AA|0|0|0|0|0|0|0|05||0|0|0|56|571,32|1,65|0|0|9,43|56|571,32|7,6|0|0|43,42|0000080800|0|
|C190|040|1124|0|571,32|0|0|0|0|0|0||
|C195|000003|111|
|C100|0|1|V0000044990|55|00|001|67077|35231064999527000154550010000670771267321607|16102023|18102023|523,8|1|0|0|523,8|1|0|0|0|0|0|0|0|0|8,64|39,81|0,52|2,62|
|C110|000012||
|C110|000002||
|C110|000017||
|C110|000018||
|C170|1|E35199-100|Barra de guia FH FH-L_-SE-___KSP-360B_-N|1500|PÇ|523,8|0|0|040|1124|1124/AA|0|0|0|0|0|0|0|05||0|0|0|56|523,8|1,65|0|0|8,64|56|523,8|7,6|0|0|39,81|0000080800|0|
|C190|040|1124|0|523,8|0|0|0|0|0|0||
|C195|000003|111|
|C100|0|1|V0000044990|55|00|001|67078|35231064999527000154550010000670781267321604|16102023|18102023|523,8|1|0|0|523,8|1|0|0|0|0|0|0|0|0|8,64|39,81|0,52|2,62|
|C110|000012||
|C110|000002||
|C110|000017||
|C110|000018||
|C170|1|E35200-100|Barra de guia FH FH-R_-SE-___KSP-360B_-N|1500|PÇ|523,8|0|0|040|1124|1124/AA|0|0|0|0|0|0|0|05||0|0|0|56|523,8|1,65|0|0|8,64|56|523,8|7,6|0|0|39,81|0000080800|0|
|C190|040|1124|0|523,8|0|0|0|0|0|0||
|C195|000003|111|
|C100|0|1|V0000044990|55|00|001|67079|35231064999527000154550010000670791267321601|16102023|18102023|197,05|1|0|0|197,05|1|0|0|0|0|0|0|0|0|3,25|14,98|0,2|0,99|
|C110|000012||
|C110|000002||
|C110|000017||
|C110|000018||
|C170|1|E71021-100|Barra de guia FH FH-L_-SE-417542-HKMC_-N|700|PÇ|197,05|0|0|040|1124|1124/AA|0|0|0|0|0|0|0|05||0|0|0|56|197,05|1,65|0|0|3,25|56|197,05|7,6|0|0|14,98|0000080800|0|
|C190|040|1124|0|197,05|0|0|0|0|0|0||
|C195|000003|111|
|C100|0|1|V0000044990|55|00|001|67080|35231064999527000154550010000670801267321602|16102023|18102023|197,05|1|0|0|197,05|1|0|0|0|0|0|0|0|0|3,25|14,98|0,2|0,99|
|C110|000012||
|C110|000002||
|C110|000017||
|C110|000018||
|C170|1|E71022-100|Barra de guia FH FH-R_-SE-417542-FIT__-N|700|PÇ|197,05|0|0|040|1124|1124/AA|0|0|0|0|0|0|0|05||0|0|0|56|197,05|1,65|0|0|3,25|56|197,05|7,6|0|0|14,98|0000080800|0|
|C190|040|1124|0|197,05|0|0|0|0|0|0||
|C195|000003|111|
|C100|0|1|V0000044990|55|00|001|67081|35231064999527000154550010000670811267321600|16102023|18102023|110,84|1|0|0|110,84|1|0|0|0|0|0|0|0|0|1,83|8,42|0,11|0,55|
|C110|000012||
|C110|000002||
|C110|000017||
|C110|000018||
|C170|1|E71025-100|Barra de guia FH FH-L_-SE-___KSP-HKMC_-N|400|PÇ|110,84|0|0|040|1124|1124/AA|0|0|0|0|0|0|0|05||0|0|0|56|110,84|1,65|0|0|1,83|56|110,84|7,6|0|0|8,42|0000080800|0|
|C190|040|1124|0|110,84|0|0|0|0|0|0||
|C195|000003|111|
|C100|0|1|V0000044990|55|00|001|67082|35231064999527000154550010000670821267321607|16102023|18102023|110,84|1|0|0|110,84|1|0|0|0|0|0|0|0|0|1,83|8,42|0,11|0,55|
|C110|000012||
|C110|000002||
|C110|000017||
|C110|000018||
|C170|1|E71026-100|Barra de guia FH FH-R_-SE-___KSP-FIT__-N|400|PÇ|110,84|0|0|040|1124|1124/AA|0|0|0|0|0|0|0|05||0|0|0|56|110,84|1,65|0|0|1,83|56|110,84|7,6|0|0|8,42|0000080800|0|
|C190|040|1124|0|110,84|0|0|0|0|0|0||
|C195|000003|111|
|C100|0|1|V0000061750|55|00|003|254987|35231062672415000169550030002549871158091945|11102023|18102023|28547,52|1|0|0|28547,52|1|0|0|0|28547,53|5138,56|0|0|0|471,03|2169,61|0|0|
|C110|000002||
|C110|000017||
|C110|000018||
|C170|1|E33456-100|SAG FH-R_-BS-EL- 40,0-360B_-N|1200|PÇ|7952,42|0|0|000|1101|1101/AA|7952,42|18|1431,44|0|0|0|0|05||0|0|0|56|7952,42|1,65|0|0|131,21|56|7952,42|7,6|0|0|604,38|0000080800|0|
|C170|2|E33457-100|SAG FH-L_-BS-EL- 40,0-360B_-N|1440|PÇ|12357,06|0|0|000|1101|1101/AA|12357,07|18|2224,27|0|0|0|0|05||0|0|0|56|12357,06|1,65|0|0|203,89|56|12357,06|7,6|0|0|939,14|0000080800|0|
|C170|3|E33458-100|SAG FH-R_-BS-EL- 40,0-360B_-N|960|PÇ|8238,04|0|0|000|1101|1101/AA|8238,04|18|1482,85|0|0|0|0|05||0|0|0|56|8238,04|1,65|0|0|135,93|56|8238,04|7,6|0|0|626,09|0000080800|0|
|C190|000|1101|18|28547,52|28547,53|5138,56|0|0|0|0||
|C100|0|1|C0000000420|55|00|002|395938|35230959104760000353550020003959381004345208|21092023|11102023|149,73|2|0|0|149,73|9|0|0|0|149,73|17,97|0|0|0|2,17|10,01|0|0|
|C110|000002||
|C110|000017||
|C110|000018||
|C170|1|E24828-102|Acion.vid jan ES-EL-IE-RE-AN-LL-360B_-N|1|PÇ|149,73|0|0|500|1201|1201/AA|149,73|12|17,97|0|0|0|0|05||0|0|0|56|131,76|1,65|0|0|2,17|56|131,76|7,6|0|0|10,01||0|
|C190|500|1201|12|149,73|149,73|17,97|0|0|0|0||
|C100|0|1|V0000086361|55|00|003|5841|42230921404906000141550030000058411428665719|29092023|18102023|4641|1|0|0|4641|0|0|0|0|4641|185,64|0|0|0|76,58|352,72|0|0|
|C110|000002||
|C110|000017||
|C110|000018||
|C170|1|980610-100|Graxa 003.1--BESLUX_PLEX_778A___-_|50|KG|4641|0|0|100|2101|2101/AA|4641|4|185,64|0|0|0|0|05||0|0|0|56|4641|1,65|0|0|76,58|56|4641|7,6|0|0|352,72|0000080800|0|
|C190|100|2101|4|4641|4641|185,64|0|0|0|0||
|C100|0|1|V0000089798|55|00|001|300643|31231025170937000136550010003006431471121209|17102023|18102023|61857,68|1|0|0|61857,68|1|0|0|0|61857,68|7422,93|0|0|0|1020,65|4701,18|0|0|
|C110|000002||
|C110|000017||
|C110|000018||
|C170|1|G26425-100|Shroud KL-EC-EIN-. 8-P703_|1200|PÇ|16483,8|0|0|000|2101|2101/AA|16483,8|12|1978,06|0|0|0|0|05||0|0|0|56|16483,8|1,65|0|0|271,98|56|16483,8|7,6|0|0|1252,77|0000080800|0|
|C170|2|G25442-101|Fan KL-EC-530-. 8-U375_|280|PÇ|8123,72|0|0|000|2101|2101/AA|8123,72|12|974,85|0|0|0|0|05||0|0|0|56|8123,72|1,65|0|0|134,04|56|8123,72|7,6|0|0|617,4|0000080800|0|
|C170|3|G25949-102|Shroud KL-EC-EIN-. 8-P703_|600|PÇ|37250,16|0|0|000|2101|2101/AA|37250,16|12|4470,02|0|0|0|0|05||0|0|0|56|37250,16|1,65|0|0|614,63|56|37250,16|7,6|0|0|2831,01|0000080800|0|
|C190|000|2101|12|61857,68|61857,68|7422,93|0|0|0|0||
|C100|1|0|C0000006733|55|00|006|11643|35231002258243000745550060000116431460796348|24102023|24102023|66522,8|0|0|0|66522,8|1|0|0|0|66522,8|7983,14|0|0|0|1097,62|5055,72|0|0|
|C110|000007||
|C110|000002||
|C110|000008||
|C110|000009||
|C110|000010||
|C110|000011||
|C190|551|5101|18|66522,8|66522,8|7983,14|0|0|0|0||
|C100|0|1|V0000087565|55|00|001|3566|41230934904448000151550010000035661004978969|25092023|18102023|3583,6|1|0|0|3583,6|0|0|0|0|3583,61|430,03|0|0|0|59,13|272,35|0|0|
|C110|000002||
|C110|000017||
|C110|000018||
|C170|1|M2023103|CONJUNTO P073 - FORD - 9pc por conjunto|20|PÇ|3583,6|0|0|000|2101|2101/AA|3583,61|12|430,03|0|0|0|0|05||0|0|0|56|3583,6|1,65|0|0|59,13|56|3583,6|7,6|0|0|272,35|0000080800|0|
|C190|000|2101|12|3583,6|3583,61|430,03|0|0|0|0||
|C100|0|1|V0000087565|55|00|001|3583|41230934904448000151550010000035831008644683|27092023|18102023|491,52|1|0|0|491,52|0|0|0|0|491,52|58,98|0|0|0|8,11|37,36|0|0|
|C110|000002||
|C110|000017||
|C110|000018||
|C170|1|M20231024|Conjunto Caixa P&A P703 FORD CFM|24|PÇ|491,52|0|0|000|2101|2101/AA|491,52|12|58,98|0|0|0|0|05||0|0|0|56|491,52|1,65|0|0|8,11|56|491,52|7,6|0|0|37,36|0000080800|0|
|C190|000|2101|12|491,52|491,52|58,98|0|0|0|0||
|C100|0|1|V0000087565|55|00|001|3544|41230934904448000151550010000035441003835407|20092023|18102023|8959|1|0|0|8959|0|0|0|0|8959|1075,08|0|0|0|147,82|680,88|0|0|
|C110|000002||
|C110|000017||
|C110|000018||
|C170|1|M2023103|CONJUNTO P073 - FORD - 9pc por conjunto|50|PÇ|8959|0|0|000|2101|2101/AA|8959|12|1075,08|0|0|0|0|05||0|0|0|56|8959|1,65|0|0|147,82|56|8959|7,6|0|0|680,88|0000080800|0|
|C190|000|2101|12|8959|8959|1075,08|0|0|0|0||
|C100|1|0|C0000002543|55|00|006|11597|35231002258243000745550060000115971307981156|18102023|18102023|223973,89|1|0|0|223973,89|1|0|0|0|0|0|0|0|0|733,48|3378,44|0|0|
|C110|000022||
|C110|000023||
|C110|000013||
|C110|000014||
|C190|041|7101|0|223973,89|0|0|0|0|0|0||
|C100|1|0|C0000007343|55|00|006|11598|35231002258243000745550060000115981478052165|19102023|19102023|39000,96|1|0|0|39000,96|0|0|0|0|14903,04|2682,54|0|0|0|643,51|2964,08|0|0|
|C110|000002||
|C110|000005||
|C110|000006||
|C190|000|5125|18|14903,04|14903,04|2682,54|0|0|0|0||
|C190|050|5925|0|24097,92|0|0|0|0|0|0||
|C100|1|0|C0000007343|55|00|006|11600|35231002258243000745550060000116001867483353|19102023|19102023|38910,72|1|0|0|38910,72|0|0|0|0|15156,48|2728,16|0|0|0|642,02|2957,22|0|0|
|C110|000002||
|C110|000005||
|C110|000006||
|C190|000|5125|18|15156,48|15156,48|2728,16|0|0|0|0||
|C190|050|5925|0|23754,24|0|0|0|0|0|0||
|C100|1|0|C0000007343|55|00|006|11599|35231002258243000745550060000115991445452579|19102023|19102023|28031,04|1|0|0|28031,04|0|0|0|0|0|0|0|0|0|462,51|2130,36|0|0|
|C110|000002||
|C110|000003||
|C110|000004||
|C190|000|5920|0|28031,04|0|0|0|0|0|0||
|C100|1|0|C0000007343|55|00|006|11601|35231002258243000745550060000116011394045491|19102023|19102023|28031,04|1|0|0|28031,04|0|0|0|0|0|0|0|0|0|462,51|2130,36|0|0|
|C110|000002||
|C110|000003||
|C110|000004||
|C190|000|5920|0|28031,04|0|0|0|0|0|0||
|C100|1|0|C0000002543|55|00|006|11602|35231002258243000745550060000116021555738385|19102023|19102023|273505,22|1|0|0|273505,22|1|0|0|0|0|0|0|0|0|892,43|4110,61|0|0|
|C110|000024||
|C110|000023||
|C110|000013||
|C110|000014||
|C190|041|7101|0|273505,22|0|0|0|0|0|0||
|C100|0|1|V0000012504|55|00|005|698564|35231059104760000353550050006985641007181701|18102023|19102023|19347,44|2|0|0|19347,44|9|0|0|0|0|0|0|0|0|0|0|0|0|
|C110|000012||
|C110|000002||
|C170|1|P01618-000|KTL TOY-FEST-M-KU-DGR- 400- 600- 340|40|PÇ|8108,8|0|0|040|1920|1920/AA|0|0|0|0|0|0|0|05||0|0|0|98|0|0|0|0|0|98|0|0|0|0|0||0|
|C170|2|P01617-000|KTL TOY-FEST-M-KU-DGR- 400- 600- 450|36|PÇ|9064,08|0|0|040|1920|1920/AA|0|0|0|0|0|0|0|05||0|0|0|98|0|0|0|0|0|98|0|0|0|0|0||0|
|C170|3|P03558-000|VHM TOY-DECK-M-KU-SWA-1.200- 800- 2|8|PÇ|879,04|0|0|040|1920|1920/AA|0|0|0|0|0|0|0|05||0|0|0|98|0|0|0|0|0|98|0|0|0|0|0||0|
|C170|4|P00410-000|GLT TOY-PALE-M-KU-SWA-1.200- 800- 50|8|PÇ|1295,52|0|0|040|1920|1920/AA|0|0|0|0|0|0|0|05||0|0|0|98|0|0|0|0|0|98|0|0|0|0|0||0|
|C190|040|1920|0|19347,44|0|0|0|0|0|0||
|C100|0|1|V0000012504|55|00|005|698477|35231059104760000353550050006984771007180783|18102023|19102023|25470,32|2|0|0|25470,32|9|0|0|0|0|0|0|0|0|0|0|0|0|
|C110|000012||
|C110|000002||
|C170|1|P01618-000|KTL TOY-FEST-M-KU-DGR- 400- 600- 340|40|PÇ|8108,8|0|0|040|1920|1920/AA|0|0|0|0|0|0|0|05||0|0|0|98|0|0|0|0|0|98|0|0|0|0|0||0|
|C170|2|P01617-000|KTL TOY-FEST-M-KU-DGR- 400- 600- 450|56|PÇ|14099,68|0|0|040|1920|1920/AA|0|0|0|0|0|0|0|05||0|0|0|98|0|0|0|0|0|98|0|0|0|0|0||0|
|C170|3|P03558-000|VHM TOY-DECK-M-KU-SWA-1.200- 800- 2|12|PÇ|1318,56|0|0|040|1920|1920/AA|0|0|0|0|0|0|0|05||0|0|0|98|0|0|0|0|0|98|0|0|0|0|0||0|
|C170|4|P00410-000|GLT TOY-PALE-M-KU-SWA-1.200- 800- 50|12|PÇ|1943,28|0|0|040|1920|1920/AA|0|0|0|0|0|0|0|05||0|0|0|98|0|0|0|0|0|98|0|0|0|0|0||0|
|C190|040|1920|0|25470,32|0|0|0|0|0|0||
|C100|1|0|C0000006733|55|00|006|11605|35231002258243000745550060000116051889924375|19102023|19102023|70975,2|0|0|0|70975,2|1|0|0|0|70975,2|8517,44|0|0|0|1171,1|5394,12|0|0|
|C110|000007||
|C110|000002||
|C110|000008||
|C110|000009||
|C110|000010||
|C110|000011||
|C190|551|5101|18|70975,2|70975,2|8517,44|0|0|0|0||
|C100|1|0|C0000006733|55|00|006|11604|35231002258243000745550060000116041342623291|19102023|19102023|9021,84|0|0|0|9021,84|1|0|0|0|0|0|0|0|0|148,86|685,66|0|0|
|C110|000002||
|C110|000006||
|C110|000013||
|C110|000014||
|C190|000|5920|0|9021,84|0|0|0|0|0|0||
|C100|1|0|C0000006733|55|00|006|11603|35231002258243000745550060000116031959069598|19102023|19102023|9021,84|0|0|0|9021,84|1|0|0|0|0|0|0|0|0|148,86|685,66|0|0|
|C110|000002||
|C110|000006||
|C110|000013||
|C110|000014||
|C190|000|5920|0|9021,84|0|0|0|0|0|0||
|C100|1|0|C0000006733|55|00|006|11606|35231002258243000745550060000116061799805005|19102023|19102023|70975,2|0|0|0|70975,2|1|0|0|0|70975,2|8517,44|0|0|0|1171,1|5394,12|0|0|
|C110|000007||
|C110|000002||
|C110|000008||
|C110|000009||
|C110|000010||
|C110|000011||
|C190|551|5101|18|70975,2|70975,2|8517,44|0|0|0|0||
|C100|1|0|C0000006938|55|00|006|11607|35231002258243000745550060000116071432487410|19102023|19102023|1392,95|0|0|0|1349,1|1|0|0|0|1349,1|242,84|0|0|43,85|22,26|102,53|0|0|
|C110|000008||
|C190|500|5101|18|1392,95|1349,1|242,84|0|0|0|43,85||
|C100|1|0|C0000007343|55|00|006|11608|35231002258243000745550060000116081827969814|20102023|20102023|39000,96|1|0|0|39000,96|0|0|0|0|14903,04|2682,54|0|0|0|643,51|2964,08|0|0|
|C110|000002||
|C110|000005||
|C110|000006||
|C190|000|5125|18|14903,04|14903,04|2682,54|0|0|0|0||
|C190|050|5925|0|24097,92|0|0|0|0|0|0||
|C100|1|0|C0000007343|55|00|006|11611|35231002258243000745550060000116111101444482|20102023|20102023|28031,04|1|0|0|28031,04|0|0|0|0|0|0|0|0|0|462,51|2130,36|0|0|
|C110|000002||
|C110|000003||
|C110|000004||
|C190|000|5920|0|28031,04|0|0|0|0|0|0||
|C100|1|0|C0000007343|55|00|006|11609|35231002258243000745550060000116091564690269|20102023|20102023|28031,04|1|0|0|28031,04|0|0|0|0|0|0|0|0|0|462,51|2130,36|0|0|
|C110|000002||
|C110|000003||
|C110|000004||
|C190|000|5920|0|28031,04|0|0|0|0|0|0||
|C100|1|0|C0000007343|55|00|006|11610|35231002258243000745550060000116101095110991|20102023|20102023|38910,72|1|0|0|38910,72|0|0|0|0|15156,48|2728,16|0|0|0|642,02|2957,22|0|0|
|C110|000002||
|C110|000005||
|C110|000006||
|C190|000|5125|18|15156,48|15156,48|2728,16|0|0|0|0||
|C190|050|5925|0|23754,24|0|0|0|0|0|0||
|C100|0|1|V0000014448|55|00|020|767240|35231045990181000189550200007672401879845966|18102023|20102023|2326,72|2|0|0|2326,72|1|0|0|0|0|0|0|0|0|0|0|0|0|
|C110|000012||
|C110|000002||
|C170|1|3044FJ-000|VHM TOY-PALE-M-KU-___-1.205-1.005- 160|2|PÇ|657,84|0|0|240|1920|1920/AA|0|0|0|0|0|0|0|05||0|0|0|98|0|0|0|0|0|98|0|0|0|0|0||0|
|C170|2|3044CP-000|VHM BRO-DECK-M-KU-___-1.232-1.019- 69|2|PÇ|346,38|0|0|240|1920|1920/AA|0|0|0|0|0|0|0|05||0|0|0|98|0|0|0|0|0|98|0|0|0|0|0||0|
|C170|3|3044JT-000|KTL BOS-FEST-M-KU-GRN- 600- 400- 150|50|PÇ|1322,5|0|0|240|1920|1920/AA|0|0|0|0|0|0|0|05||0|0|0|98|0|0|0|0|0|98|0|0|0|0|0||0|
|C190|240|1920|0|2326,72|0|0|0|0|0|0||
|C100|0|1|V0000089798|55|00|001|300644|31231025170937000136550010003006441127331513|17102023|20102023|23834,28|2|0|0|23834,28|1|0|0|0|0|0|0|0|0|0|0|0|0|
|C110|000012||
|C110|000002||
|C170|1|P04609-000|GLT BRO-WELL-E-PA-BEI-1.120- 960- 690|60|PÇ|10740|0|0|040|2921|2921/AA|0|0|0|0|0|0|0|05||0|0|0|98|0|0|0|0|0|98|0|0|0|0|0||0|
|C170|2|P04608-000|GLT BRO-WELL-E-PA-BEI-1.200-1.000- 600|12|PÇ|2594,28|0|0|140|2921|2921/AA|0|0|0|0|0|0|0|05||0|0|0|98|0|0|0|0|0|98|0|0|0|0|0||0|
|C170|3|P03908-000|VHM BRO-SPAI-M-KU-BLA- 925-1.110- 790|14|PÇ|4200|0|0|040|2921|2921/AA|0|0|0|0|0|0|0|05||0|0|0|98|0|0|0|0|0|98|0|0|0|0|0||0|
|C170|4|304718-000|GLT BRO-KLBE-M-KU-GRA-1.200-1.000- 990|7|PÇ|6300|0|0|040|2921|2921/AA|0|0|0|0|0|0|0|05||0|0|0|98|0|0|0|0|0|98|0|0|0|0|0||0|
|C190|040|2921|0|21240|0|0|0|0|0|0||
|C190|140|2921|0|2594,28|0|0|0|0|0|0||
|C100|0|1|V0000012504|55|00|005|698397|35231059104760000353550050006983971007179979|17102023|20102023|27118|2|0|0|27118|9|0|0|0|0|0|0|0|0|0|0|0|0|
|C110|000012||
|C110|000002||
|C170|1|P01618-000|KTL TOY-FEST-M-KU-DGR- 400- 600- 340|68|PÇ|13784,96|0|0|040|1920|1920/AA|0|0|0|0|0|0|0|05||0|0|0|98|0|0|0|0|0|98|0|0|0|0|0||0|
|C170|2|P01617-000|KTL TOY-FEST-M-KU-DGR- 400- 600- 450|40|PÇ|10071,2|0|0|040|1920|1920/AA|0|0|0|0|0|0|0|05||0|0|0|98|0|0|0|0|0|98|0|0|0|0|0||0|
|C170|3|P03558-000|VHM TOY-DECK-M-KU-SWA-1.200- 800- 2|12|PÇ|1318,56|0|0|040|1920|1920/AA|0|0|0|0|0|0|0|05||0|0|0|98|0|0|0|0|0|98|0|0|0|0|0||0|
|C170|4|P00410-000|GLT TOY-PALE-M-KU-SWA-1.200- 800- 50|12|PÇ|1943,28|0|0|040|1920|1920/AA|0|0|0|0|0|0|0|05||0|0|0|98|0|0|0|0|0|98|0|0|0|0|0||0|
|C190|040|1920|0|27118|0|0|0|0|0|0||
|C100|0|1|V0000012504|55|00|005|698648|35231059104760000353550050006986481007182491|19102023|20102023|27983,12|2|0|0|27983,12|9|0|0|0|0|0|0|0|0|0|0|0|0|
|C110|000012||
|C110|000002||
|C170|1|P01618-000|KTL TOY-FEST-M-KU-DGR- 400- 600- 340|52|PÇ|10541,44|0|0|040|1920|1920/AA|0|0|0|0|0|0|0|05||0|0|0|98|0|0|0|0|0|98|0|0|0|0|0||0|
|C170|2|P01617-000|KTL TOY-FEST-M-KU-DGR- 400- 600- 450|52|PÇ|13092,56|0|0|040|1920|1920/AA|0|0|0|0|0|0|0|05||0|0|0|98|0|0|0|0|0|98|0|0|0|0|0||0|
|C170|3|P03558-000|VHM TOY-DECK-M-KU-SWA-1.200- 800- 2|16|PÇ|1758,08|0|0|040|1920|1920/AA|0|0|0|0|0|0|0|05||0|0|0|98|0|0|0|0|0|98|0|0|0|0|0||0|
|C170|4|P00410-000|GLT TOY-PALE-M-KU-SWA-1.200- 800- 50|16|PÇ|2591,04|0|0|040|1920|1920/AA|0|0|0|0|0|0|0|05||0|0|0|98|0|0|0|0|0|98|0|0|0|0|0||0|
|C190|040|1920|0|27983,12|0|0|0|0|0|0||
|C100|0|1|V0000022120|55|00|034|854892|35231059104422005704550340008548921002497146|16102023|20102023|2400|2|0|0|2400|9|0|0|0|0|0|0|0|0|0|0|0|0|
|C110|000025||
|C110|000026||
|C110|000027||
|C170|1|E51524-101|CFM MOD-BBL1R__-.30_------__-VWMQB-N|23|PÇ|2300|0|0|090|1949|1949/AA|0|0|0|0|0|0|0|49||0|0|0|07|0|0|0|0|0|07|0|0|0|0|0||0|
|C170|2|G02063-101|CFM MOD-BBL1R__-.40_------__-VWMQB-N|1|PÇ|100|0|0|090|1949|1949/AA|0|0|0|0|0|0|0|49||0|0|0|07|0|0|0|0|0|07|0|0|0|0|0||0|
|C190|090|1949|0|2400|0|0|0|0|0|0||
|C100|0|1|V0000022120|55|00|034|854893|35231059104422005704550340008548931697141121|16102023|20102023|100|2|0|0|100|9|0|0|0|0|0|0|0|0|0|0|0|0|
|C110|000025||
|C110|000026||
|C110|000027||
|C170|1|M2023104|Rack Metalico|1|PÇ|100|0|0|090|1949|1949/AA|0|0|0|0|0|0|0|49||0|0|0|07|0|0|0|0|0|07|0|0|0|0|0||0|
|C190|090|1949|0|100|0|0|0|0|0|0|000001|
|C195|000001|Consumo|
|C100|0|1|V0000089798|55|00|001|300687|31231025170937000136550010003006871264065596|19102023|20102023|27574,14|2|0|0|27574,14|1|0|0|0|0|0|0|0|0|0|0|0|0|
|C110|000012||
|C110|000002||
|C170|1|P04608-000|GLT BRO-WELL-E-PA-BEI-1.200-1.000- 600|6|PÇ|1297,14|0|0|140|2921|2921/AA|0|0|0|0|0|0|0|05||0|0|0|98|0|0|0|0|0|98|0|0|0|0|0||0|
|C170|2|P03908-000|VHM BRO-SPAI-M-KU-BLA- 925-1.110- 790|20|PÇ|6000|0|0|040|2921|2921/AA|0|0|0|0|0|0|0|05||0|0|0|98|0|0|0|0|0|98|0|0|0|0|0||0|
|C170|3|P04609-000|GLT BRO-WELL-E-PA-BEI-1.120- 960- 690|40|PÇ|7160|0|0|040|2921|2921/AA|0|0|0|0|0|0|0|05||0|0|0|98|0|0|0|0|0|98|0|0|0|0|0||0|
|C170|4|P04609-000|GLT BRO-WELL-E-PA-BEI-1.120- 960- 690|23|PÇ|4117|0|0|040|2921|2921/AA|0|0|0|0|0|0|0|05||0|0|0|98|0|0|0|0|0|98|0|0|0|0|0||0|
|C170|5|304718-000|GLT BRO-KLBE-M-KU-GRA-1.200-1.000- 990|6|PÇ|5400|0|0|040|2921|2921/AA|0|0|0|0|0|0|0|05||0|0|0|98|0|0|0|0|0|98|0|0|0|0|0||0|
|C170|6|304718-000|GLT BRO-KLBE-M-KU-GRA-1.200-1.000- 990|4|PÇ|3600|0|0|040|2921|2921/AA|0|0|0|0|0|0|0|05||0|0|0|98|0|0|0|0|0|98|0|0|0|0|0||0|
|C190|040|2921|0|26277|0|0|0|0|0|0||
|C190|140|2921|0|1297,14|0|0|0|0|0|0||
|C100|0|1|V0000012504|55|00|005|698729|35231059104760000353550050006987291007183331|19102023|20102023|25474,9|2|0|0|25474,9|9|0|0|0|0|0|0|0|0|0|0|0|0|
|C110|000012||
|C110|000002||
|C170|1|P01618-000|KTL TOY-FEST-M-KU-DGR- 400- 600- 340|36|PÇ|7297,92|0|0|040|1920|1920/AA|0|0|0|0|0|0|0|05||0|0|0|98|0|0|0|0|0|98|0|0|0|0|0||0|
|C170|2|P01617-000|KTL TOY-FEST-M-KU-DGR- 400- 600- 450|56|PÇ|14099,68|0|0|040|1920|1920/AA|0|0|0|0|0|0|0|05||0|0|0|98|0|0|0|0|0|98|0|0|0|0|0||0|
|C170|3|P03558-000|VHM TOY-DECK-M-KU-SWA-1.200- 800- 2|15|PÇ|1648,2|0|0|040|1920|1920/AA|0|0|0|0|0|0|0|05||0|0|0|98|0|0|0|0|0|98|0|0|0|0|0||0|
|C170|4|P00410-000|GLT TOY-PALE-M-KU-SWA-1.200- 800- 50|15|PÇ|2429,1|0|0|040|1920|1920/AA|0|0|0|0|0|0|0|05||0|0|0|98|0|0|0|0|0|98|0|0|0|0|0||0|
|C190|040|1920|0|25474,9|0|0|0|0|0|0||
|C100|0|1|V0000089798|55|00|001|300686|31231025170937000136550010003006861443145694|19102023|20102023|58959,89|1|0|0|58959,89|1|0|0|0|58959,88|7075,19|0|0|0|972,84|4480,94|0|0|
|C110|000002||
|C110|000017||
|C110|000018||
|C170|1|G26425-100|Shroud KL-EC-EIN-. 8-P703_|600|PÇ|8241,9|0|0|000|2101|2101/AA|8241,9|12|989,03|0|0|0|0|05||0|0|0|56|8241,9|1,65|0|0|135,99|56|8241,9|7,6|0|0|626,38|0000080800|0|
|C170|2|G25442-101|Fan KL-EC-530-. 8-U375_|400|PÇ|11605,31|0|0|000|2101|2101/AA|11605,31|12|1392,64|0|0|0|0|05||0|0|0|56|11605,31|1,65|0|0|191,49|56|11605,31|7,6|0|0|882|0000080800|0|
|C170|3|G25949-102|Shroud KL-EC-EIN-. 8-P703_|630|PÇ|39112,68|0|0|000|2101|2101/AA|39112,67|12|4693,52|0|0|0|0|05||0|0|0|56|39112,68|1,65|0|0|645,36|56|39112,68|7,6|0|0|2972,56|0000080800|0|
|C190|000|2101|12|58959,89|58959,88|7075,19|0|0|0|0||
|C100|0|1|V0000079290|55|00|005|77636|35231059104760001244550050000776361000833695|20102023|20102023|866|2|0|0|866|9|0|0|0|0|0|0|0|0|0|0|0|0|
|C110|000012||
|C110|000002||
|C170|1|P01436-000|KTL TOY-FEST-M-KU-GRN- 600- 400- 230|13|PÇ|416|0|0|040|1920|1920/AA|0|0|0|0|0|0|0|05||0|0|0|98|0|0|0|0|0|98|0|0|0|0|0||0|
|C170|2|P03578-000|VHM TOY-DECK-M-KU-SWA-1.200- 800- 80|2|PÇ|174|0|0|040|1920|1920/AA|0|0|0|0|0|0|0|05||0|0|0|98|0|0|0|0|0|98|0|0|0|0|0||0|
|C170|3|P00438-000|GLT TOY-PALE-M-KU-SWA-1.200- 800- 160|2|PÇ|276|0|0|040|1920|1920/AA|0|0|0|0|0|0|0|05||0|0|0|98|0|0|0|0|0|98|0|0|0|0|0||0|
|C190|040|1920|0|866|0|0|0|0|0|0||
|C100|1|0|C0000006938|55|00|006|11612|35231002258243000745550060000116121932714564|20102023|20102023|347|0|0|0|347|1|0|0|0|0|0|0|0|0|5,73|26,37|0|0|
|C110|000012||
|C110|000006||
|C110|000013||
|C110|000014||
|C190|040|5920|0|347|0|0|0|0|0|0||
|C100|1|0|C0000006733|55|00|006|11614|35231002258243000745550060000116141860055467|20102023|20102023|66555,7|0|0|0|66555,7|1|0|0|0|66555,7|7987,08|0|0|0|1098,18|5058,24|0|0|
|C110|000007||
|C110|000002||
|C110|000008||
|C110|000009||
|C110|000010||
|C110|000011||
|C190|551|5101|18|66555,7|66555,7|7987,08|0|0|0|0||
|C100|1|0|C0000006733|55|00|006|11613|35231002258243000745550060000116131787635023|20102023|20102023|68017,9|0|0|0|68017,9|1|0|0|0|68017,9|8162,56|0|0|0|1122,3|5169,36|0|0|
|C110|000007||
|C110|000002||
|C110|000008||
|C110|000009||
|C110|000010||
|C110|000011||
|C190|551|5101|18|68017,9|68017,9|8162,56|0|0|0|0||
|C100|1|0|C0000006733|55|00|006|11615|35231002258243000745550060000116151420882095|20102023|20102023|9021,84|0|0|0|9021,84|1|0|0|0|0|0|0|0|0|148,86|685,66|0|0|
|C110|000002||
|C110|000006||
|C110|000013||
|C110|000014||
|C190|000|5920|0|9021,84|0|0|0|0|0|0||
|C100|1|0|C0000006733|55|00|006|11616|35231002258243000745550060000116161954119455|20102023|20102023|9021,84|0|0|0|9021,84|1|0|0|0|0|0|0|0|0|148,86|685,66|0|0|
|C110|000002||
|C110|000006||
|C110|000013||
|C110|000014||
|C190|000|5920|0|9021,84|0|0|0|0|0|0||
|C100|1|0|B0000310001|55|00|006|11572|35231002258243000745550060000115721716511181|17102023|17102023|1140|2|0|0|1140|9|0|0|0|1140|45,6|0|0|0|0|0|0|0|
|C110|000030||
|C110|000026||
|C110|000027||
|C190|100|6151|4|1140|1140|45,6|0|0|0|0||
|C100|1|0|C0008001303|55|00|006|11617|35231002258243000745550060000116171461205041|23102023|23102023|31500|1|0|0|31500|1|0|0|0|0|0|0|0|0|519,75|2394|0|0|
|C110|000012||
|C110|000002||
|C110|000026||
|C110|000027||
|C110|000006||
|C110|000013||
|C110|000014||
|C190|040|6920|0|31500|0|0|0|0|0|0||
|C100|1|0|C0000007343|55|00|006|11618|35231002258243000745550060000116181266105391|23102023|23102023|48554,3|1|0|0|48554,3|0|0|0|0|18628,8|3353,18|0|0|0|801,15|3690,11|0|0|
|C110|000002||
|C110|000005||
|C110|000006||
|C190|000|5125|18|18628,8|18628,8|3353,18|0|0|0|0||
|C190|050|5925|0|29925,5|0|0|0|0|0|0||
|C100|1|0|C0000007343|55|00|006|11619|35231002258243000745550060000116191751316703|23102023|23102023|35038,8|1|0|0|35038,8|0|0|0|0|0|0|0|0|0|578,14|2662,95|0|0|
|C110|000002||
|C110|000003||
|C110|000004||
|C190|000|5920|0|35038,8|0|0|0|0|0|0||
|C100|1|0|C0000007343|55|00|006|11621|35231002258243000745550060000116211446722289|23102023|23102023|35038,8|1|0|0|35038,8|0|0|0|0|0|0|0|0|0|578,14|2662,95|0|0|
|C110|000002||
|C110|000003||
|C110|000004||
|C190|000|5920|0|35038,8|0|0|0|0|0|0||
|C100|1|0|C0000007343|55|00|006|11620|35231002258243000745550060000116201751905378|23102023|23102023|48823,47|1|0|0|48823,47|0|0|0|0|18945,6|3410,2|0|0|0|805,59|3710,58|0|0|
|C110|000002||
|C110|000005||
|C110|000006||
|C190|000|5125|18|18945,6|18945,6|3410,2|0|0|0|0||
|C190|050|5925|0|29877,87|0|0|0|0|0|0||
|C100|1|0|V0000014448|55|00|006|11622|35231002258243000745550060000116221879124130|23102023|23102023|18613,76|2|0|0|18613,76|1|0|0|0|0|0|0|0|0|0|0|0|0|
|C110|000033||
|C113|0|1|V0000014448|55|20||756960|29082023|35230845990181000189550200007569601703860201|
|C110|000006||
|C110|000013||
|C110|000014||
|C190|240|5921|0|18613,76|0|0|0|0|0|0||
|C195|000007|Devolução NF 000756960-20,29/08/2023|
|C100|1|0|C0008001303|55|00|006|11623|35231002258243000745550060000116231217645507|23102023|23102023|35800|1|0|0|35800|1|0|0|0|0|0|0|0|0|590,7|2720,8|0|0|
|C110|000012||
|C110|000002||
|C110|000026||
|C110|000027||
|C190|040|6920|0|35800|0|0|0|0|0|0||
|C100|1|0|C0000006733|55|00|006|11624|35231002258243000745550060000116241091917268|23102023|23102023|68017,9|0|0|0|68017,9|1|0|0|0|68017,9|8162,56|0|0|0|1122,3|5169,36|0|0|
|C110|000007||
|C110|000002||
|C110|000008||
|C110|000009||
|C110|000010||
|C110|000011||
|C190|551|5101|18|68017,9|68017,9|8162,56|0|0|0|0||
|C100|1|0|C0000006733|55|00|006|11625|35231002258243000745550060000116251893871135|23102023|23102023|68017,9|0|0|0|68017,9|1|0|0|0|68017,9|8162,56|0|0|0|1122,3|5169,36|0|0|
|C110|000007||
|C110|000002||
|C110|000008||
|C110|000009||
|C110|000010||
|C110|000011||
|C190|551|5101|18|68017,9|68017,9|8162,56|0|0|0|0||
|C100|1|0|C0000006733|55|00|006|11626|35231002258243000745550060000116261431889871|23102023|23102023|9021,84|0|0|0|9021,84|1|0|0|0|0|0|0|0|0|148,86|685,66|0|0|
|C110|000002||
|C110|000006||
|C110|000013||
|C110|000014||
|C190|000|5920|0|9021,84|0|0|0|0|0|0||
|C100|0|1|V0000021461|55|00|002|189525|43231089729867000196550020001895251500399310|19102023|23102023|4800|2|0|0|4800|0|0|0|0|0|0|0|0|0|0|0|0|0|
|C110|000012||
|C110|000002||
|C170|1|304412-000|KTL BRO-CVDA-M-KU-___- 600- 400- 280|120|PÇ|4800|0|0|040|2921|2921/AA|0|0|0|0|0|0|0|05||0|0|0|98|0|0|0|0|0|98|0|0|0|0|0||0|
|C190|040|2921|0|4800|0|0|0|0|0|0||
|C100|0|1|V0000089798|55|00|001|300720|31231025170937000136550010003007201502495483|21102023|23102023|10500|2|0|0|10500|1|0|0|0|0|0|0|0|0|0|0|0|0|
|C110|000012||
|C110|000002||
|C170|1|P03908-000|VHM BRO-SPAI-M-KU-BLA- 925-1.110- 790|14|PÇ|4200|0|0|040|2921|2921/AA|0|0|0|0|0|0|0|05||0|0|0|98|0|0|0|0|0|98|0|0|0|0|0||0|
|C170|2|304718-000|GLT BRO-KLBE-M-KU-GRA-1.200-1.000- 990|7|PÇ|6300|0|0|040|2921|2921/AA|0|0|0|0|0|0|0|05||0|0|0|98|0|0|0|0|0|98|0|0|0|0|0||0|
|C190|040|2921|0|10500|0|0|0|0|0|0||
|C100|0|1|V0000089798|55|00|001|300715|31231025170937000136550010003007151378702281|20102023|23102023|39000|2|0|0|39000|1|0|0|0|0|0|0|0|0|0|0|0|0|
|C110|000012||
|C110|000002||
|C170|1|304718-000|GLT BRO-KLBE-M-KU-GRA-1.200-1.000- 990|10|PÇ|9000|0|0|040|2921|2921/AA|0|0|0|0|0|0|0|05||0|0|0|98|0|0|0|0|0|98|0|0|0|0|0||0|
|C170|2|304718-000|GLT BRO-KLBE-M-KU-GRA-1.200-1.000- 990|16|PÇ|14400|0|0|040|2921|2921/AA|0|0|0|0|0|0|0|05||0|0|0|98|0|0|0|0|0|98|0|0|0|0|0||0|
|C170|3|P03908-000|VHM BRO-SPAI-M-KU-BLA- 925-1.110- 790|36|PÇ|10800|0|0|040|2921|2921/AA|0|0|0|0|0|0|0|05||0|0|0|98|0|0|0|0|0|98|0|0|0|0|0||0|
|C170|4|P03908-000|VHM BRO-SPAI-M-KU-BLA- 925-1.110- 790|16|PÇ|4800|0|0|040|2921|2921/AA|0|0|0|0|0|0|0|05||0|0|0|98|0|0|0|0|0|98|0|0|0|0|0||0|
|C190|040|2921|0|39000|0|0|0|0|0|0||
|C100|0|1|V0000012504|55|00|005|698806|35231059104760000353550050006988061007184134|20102023|23102023|30411,18|2|0|0|30411,18|9|0|0|0|0|0|0|0|0|0|0|0|0|
|C110|000012||
|C110|000002||
|C170|1|P01618-000|KTL TOY-FEST-M-KU-DGR- 400- 600- 340|68|PÇ|13784,96|0|0|040|1920|1920/AA|0|0|0|0|0|0|0|05||0|0|0|98|0|0|0|0|0|98|0|0|0|0|0||0|
|C170|2|P01617-000|KTL TOY-FEST-M-KU-DGR- 400- 600- 450|52|PÇ|13092,56|0|0|040|1920|1920/AA|0|0|0|0|0|0|0|05||0|0|0|98|0|0|0|0|0|98|0|0|0|0|0||0|
|C170|3|P03558-000|VHM TOY-DECK-M-KU-SWA-1.200- 800- 2|13|PÇ|1428,44|0|0|040|1920|1920/AA|0|0|0|0|0|0|0|05||0|0|0|98|0|0|0|0|0|98|0|0|0|0|0||0|
|C170|4|P00410-000|GLT TOY-PALE-M-KU-SWA-1.200- 800- 50|13|PÇ|2105,22|0|0|040|1920|1920/AA|0|0|0|0|0|0|0|05||0|0|0|98|0|0|0|0|0|98|0|0|0|0|0||0|
|C190|040|1920|0|30411,18|0|0|0|0|0|0||
|C100|0|1|V0000012504|55|00|005|698899|35231059104760000353550050006988991007185130|21102023|23102023|28371,02|2|0|0|28371,02|9|0|0|0|0|0|0|0|0|0|0|0|0|
|C110|000012||
|C110|000002||
|C170|1|P01618-000|KTL TOY-FEST-M-KU-DGR- 400- 600- 340|48|PÇ|9730,56|0|0|040|1920|1920/AA|0|0|0|0|0|0|0|05||0|0|0|98|0|0|0|0|0|98|0|0|0|0|0||0|
|C170|2|P01617-000|KTL TOY-FEST-M-KU-DGR- 400- 600- 450|60|PÇ|15106,8|0|0|040|1920|1920/AA|0|0|0|0|0|0|0|05||0|0|0|98|0|0|0|0|0|98|0|0|0|0|0||0|
|C170|3|P03558-000|VHM TOY-DECK-M-KU-SWA-1.200- 800- 2|136|PÇ|1428,44|0|0|040|1920|1920/AA|0|0|0|0|0|0|0|05||0|0|0|98|0|0|0|0|0|98|0|0|0|0|0||0|
|C170|4|P00410-000|GLT TOY-PALE-M-KU-SWA-1.200- 800- 50|13|PÇ|2105,22|0|0|040|1920|1920/AA|0|0|0|0|0|0|0|05||0|0|0|98|0|0|0|0|0|98|0|0|0|0|0||0|
|C190|040|1920|0|28371,02|0|0|0|0|0|0||
|C100|0|1|V0000014448|55|00|020|767801|35231045990181000189550200007678011514692307|21102023|23102023|4653,44|2|0|0|4653,44|1|0|0|0|0|0|0|0|0|0|0|0|0|
|C110|000012||
|C110|000002||
|C170|1|3044FJ-000|VHM TOY-PALE-M-KU-___-1.205-1.005- 160|4|PÇ|1315,68|0|0|240|1920|1920/AA|0|0|0|0|0|0|0|05||0|0|0|98|0|0|0|0|0|98|0|0|0|0|0||0|
|C170|2|3044CP-000|VHM BRO-DECK-M-KU-___-1.232-1.019- 69|4|PÇ|692,76|0|0|240|1920|1920/AA|0|0|0|0|0|0|0|05||0|0|0|98|0|0|0|0|0|98|0|0|0|0|0||0|
|C170|3|3044JT-000|KTL BOS-FEST-M-KU-GRN- 600- 400- 150|100|PÇ|2645|0|0|240|1920|1920/AA|0|0|0|0|0|0|0|05||0|0|0|98|0|0|0|0|0|98|0|0|0|0|0||0|
|C190|240|1920|0|4653,44|0|0|0|0|0|0||
|C100|1|0|C0000006733|55|00|006|11628|35231002258243000745550060000116281893895850|23102023|23102023|9021,84|0|0|0|9021,84|1|0|0|0|0|0|0|0|0|148,86|685,66|0|0|
|C110|000002||
|C110|000006||
|C110|000013||
|C110|000014||
|C190|000|5920|0|9021,84|0|0|0|0|0|0||
|C100|1|0||55|02|006|11627|35231002258243000745550060000116271903942158|||||||||||||||||||||
|C100|1|0|B00310001|55|00|006|11630|35231002258243000745550060000116301220203433|23102023|23102023|33365,11|2|0|0|33365,11|1|0|0|0|33365,11|4003,81|0|0|0|0|0|0|0|
|C110|000002||
|C110|000013||
|C110|000014||
|C190|000|6151|12|33365,11|33365,11|4003,81|0|0|0|0||
|C100|1|0|B00310001|55|00|006|11631|35231002258243000745550060000116311201969709|23102023|23102023|33517,16|2|0|0|33517,16|1|0|0|0|33517,16|4022,06|0|0|0|0|0|0|0|
|C110|000002||
|C110|000013||
|C110|000014||
|C190|000|6151|12|33517,16|33517,16|4022,06|0|0|0|0||
|C100|1|0|B00310001|55|00|006|11632|35231002258243000745550060000116321378660418|23102023|23102023|16151,23|2|0|0|16151,23|1|0|0|0|16151,23|1938,15|0|0|0|0|0|0|0|
|C110|000002||
|C110|000013||
|C110|000014||
|C190|000|6151|12|16151,23|16151,23|1938,15|0|0|0|0||
|C100|1|0|B00310001|55|00|006|11633|35231002258243000745550060000116331103524570|23102023|23102023|16121|2|0|0|16121|1|0|0|0|16121|1934,52|0|0|0|0|0|0|0|
|C110|000002||
|C110|000013||
|C110|000014||
|C190|000|6151|12|16121|16121|1934,52|0|0|0|0||
|C100|1|0|C0000006733|55|00|006|11644|35231002258243000745550060000116441178109930|24102023|24102023|68017,9|0|0|0|68017,9|1|0|0|0|68017,9|8162,56|0|0|0|1122,3|5169,36|0|0|
|C110|000007||
|C110|000002||
|C110|000008||
|C110|000009||
|C110|000010||
|C110|000011||
|C190|551|5101|18|68017,9|68017,9|8162,56|0|0|0|0||
|C100|1|0|C0000006733|55|00|006|11646|35231002258243000745550060000116461039810714|24102023|24102023|9021,84|0|0|0|9021,84|1|0|0|0|0|0|0|0|0|148,86|685,66|0|0|
|C110|000002||
|C110|000006||
|C110|000013||
|C110|000014||
|C190|000|5920|0|9021,84|0|0|0|0|0|0||
|C100|1|0|C0000006733|55|00|006|11645|35231002258243000745550060000116451695145619|24102023|24102023|9021,84|0|0|0|9021,84|1|0|0|0|0|0|0|0|0|148,86|685,66|0|0|
|C110|000002||
|C110|000006||
|C110|000013||
|C110|000014||
|C190|000|5920|0|9021,84|0|0|0|0|0|0||
|C100|1|0|C0008001108|55|00|006|11634|35231002258243000745550060000116341129568997|24102023|24102023|37102|1|0|0|37102|0|0|0|0|0|0|0|0|0|612,18|2819,75|0|0|
|C110|000022||
|C110|000023||
|C110|000013||
|C110|000014||
|C190|041|5501|0|37102|0|0|0|0|0|0||
|C100|1|0||55|02|006|11629|35231002258243000745550060000116291755106408|||||||||||||||||||||
|C100|1|0|C0000007343|55|00|006|11635|35231002258243000745550060000116351664819271|24102023|24102023|39292,8|1|0|0|39292,8|0|0|0|0|15156,48|2728,16|0|0|0|648,33|2986,26|0|0|
|C110|000002||
|C110|000005||
|C110|000006||
|C190|000|5125|18|15156,48|15156,48|2728,16|0|0|0|0||
|C190|050|5925|0|24136,32|0|0|0|0|0|0||
|C100|1|0|C0000007343|55|00|006|11636|35231002258243000745550060000116361990880589|24102023|24102023|28031,04|1|0|0|28031,04|0|0|0|0|0|0|0|0|0|462,51|2130,36|0|0|
|C110|000002||
|C110|000003||
|C110|000004||
|C190|000|5920|0|28031,04|0|0|0|0|0|0||
|C100|1|0|C0000007343|55|00|006|11638|35231002258243000745550060000116381674568532|24102023|24102023|28031,04|1|0|0|28031,04|0|0|0|0|0|0|0|0|0|462,51|2130,36|0|0|
|C110|000002||
|C110|000003||
|C110|000004||
|C190|000|5920|0|28031,04|0|0|0|0|0|0||
|C100|1|0|C0000007343|55|00|006|11637|35231002258243000745550060000116371909896111|24102023|24102023|38657,28|1|0|0|38657,28|0|0|0|0|14903,04|2682,54|0|0|0|637,84|2937,96|0|0|
|C110|000002||
|C110|000005||
|C110|000006||
|C190|000|5125|18|14903,04|14903,04|2682,54|0|0|0|0||
|C190|050|5925|0|23754,24|0|0|0|0|0|0||
|C100|1|0|C0001000031|55|00|006|11639|35231002258243000745550060000116391798497952|24102023|24102023|2816|0|0|0|2816|1|0|0|0|0|0|0|0|0|46,46|214,02|0|0|
|C110|000035||
|C110|000006||
|C110|000013||
|C110|000014||
|C190|040|6920|0|2816|0|0|0|0|0|0||
|C100|1|0|C0001000031|55|00|006|11640|35231002258243000745550060000116401403580895|24102023|24102023|1225|0|0|0|1225|1|0|0|0|0|0|0|0|0|20,21|93,1|0|0|
|C110|000033||
|C110|000006||
|C110|000013||
|C110|000014||
|C190|040|6921|0|1225|0|0|0|0|0|0||
|C100|1|0|C0000004562|55|00|006|11641|35231002258243000745550060000116411525671388|24102023|24102023|11124|1|0|0|11124|1|0|0|0|0|0|0|0|0|183,55|845,42|0|0|
|C110|000002||
|C190|000|5920|0|11124|0|0|0|0|0|0||
|C100|0|1|V0000087565|55|00|001|3542|41230934904448000151550010000035421005805349|20092023|24102023|8959|1|0|0|8959|0|0|0|0|8959|1075,08|0|0|0|147,82|680,88|0|0|
|C110|000002||
|C110|000017||
|C110|000018||
|C170|1|M2023103|CONJUNTO P073 - FORD - 9pc por conjunto|25|PÇ|4479,5|0|0|000|2101|2101/AA|4479,5|12|537,54|0|0|0|0|05||0|0|0|56|4479,5|1,65|0|0|73,91|56|4479,5|7,6|0|0|340,44|0000080800|0|
|C170|2|M2023103|CONJUNTO P073 - FORD - 9pc por conjunto|25|PÇ|4479,5|0|0|000|2101|2101/AA|4479,5|12|537,54|0|0|0|0|05||0|0|0|56|4479,5|1,65|0|0|73,91|56|4479,5|7,6|0|0|340,44|0000080800|0|
|C190|000|2101|12|8959|8959|1075,08|0|0|0|0||
|C100|0|1|V0000087565|55|00|001|3543|41230934904448000151550010000035431002009972|20092023|24102023|8959|1|0|0|8959|0|0|0|0|8959|1075,08|0|0|0|147,82|680,88|0|0|
|C110|000002||
|C110|000017||
|C110|000018||
|C170|1|M2023103|CONJUNTO P073 - FORD - 9pc por conjunto|50|PÇ|8959|0|0|000|2101|2101/AA|8959|12|1075,08|0|0|0|0|05||0|0|0|56|8959|1,65|0|0|147,82|56|8959|7,6|0|0|680,88|0000080800|0|
|C190|000|2101|12|8959|8959|1075,08|0|0|0|0||
|C100|0|1|V0000087565|55|00|001|3592|41230934904448000151550010000035921009030998|28092023|24102023|8959|1|0|0|8959|0|0|0|0|8959|1075,08|0|0|0|147,82|680,88|0|0|
|C110|000002||
|C110|000017||
|C110|000018||
|C170|1|M2023103|CONJUNTO P073 - FORD - 9pc por conjunto|50|PÇ|8959|0|0|000|2101|2101/AA|8959|12|1075,08|0|0|0|0|05||0|0|0|56|8959|1,65|0|0|147,82|56|8959|7,6|0|0|680,88|0000080800|0|
|C190|000|2101|12|8959|8959|1075,08|0|0|0|0||
|C100|0|1|V0000087565|55|00|001|3591|41230934904448000151550010000035911004337591|28092023|24102023|8959|1|0|0|8959|0|0|0|0|8959|1075,08|0|0|0|147,82|680,88|0|0|
|C110|000002||
|C110|000017||
|C110|000018||
|C170|1|M2023103|CONJUNTO P073 - FORD - 9pc por conjunto|50|PÇ|8959|0|0|000|2101|2101/AA|8959|12|1075,08|0|0|0|0|05||0|0|0|56|8959|1,65|0|0|147,82|56|8959|7,6|0|0|680,88|0000080800|0|
|C190|000|2101|12|8959|8959|1075,08|0|0|0|0||
|C100|0|1|V0000087565|55|00|001|3594|41230934904448000151550010000035941005902510|28092023|24102023|8959|1|0|0|8959|0|0|0|0|8959|1075,08|0|0|0|147,82|680,88|0|0|
|C110|000002||
|C110|000017||
|C110|000018||
|C170|1|M2023103|CONJUNTO P073 - FORD - 9pc por conjunto|50|PÇ|8959|0|0|000|2101|2101/AA|8959|12|1075,08|0|0|0|0|05||0|0|0|56|8959|1,65|0|0|147,82|56|8959|7,6|0|0|680,88|0000080800|0|
|C190|000|2101|12|8959|8959|1075,08|0|0|0|0||
|C100|0|1|V0000087565|55|00|001|3593|41230934904448000151550010000035931002111884|28092023|24102023|8959|1|0|0|8959|0|0|0|0|8959|1075,08|0|0|0|147,82|680,88|0|0|
|C110|000002||
|C110|000017||
|C110|000018||
|C170|1|M2023103|CONJUNTO P073 - FORD - 9pc por conjunto|50|PÇ|8959|0|0|000|2101|2101/AA|8959|12|1075,08|0|0|0|0|05||0|0|0|56|8959|1,65|0|0|147,82|56|8959|7,6|0|0|680,88|0000080800|0|
|C190|000|2101|12|8959|8959|1075,08|0|0|0|0||
|C100|0|1|V0000072143|55|00|003|9517|35231018476245000155550030000095171581797300|20102023|24102023|148|0|0|0|148|0|0|0|0|0|0|0|0|0|0|0|0|0|
|C110|000025||
|C170|1|M20231025|Coffee IATF 05/10|1|CDA|148|0|0|090|1556|1556/AA|0|0|0|0|0|0|0|49||0|0|0|98|0|0|0|0|0|98|0|0|0|0|0|0000066600|0|
|C190|090|1556|0|148|0|0|0|0|0|0|000001|
|C195|000001|Consumo|
|C100|1|0|C0000002543|55|00|006|11642|35231002258243000745550060000116421540574875|24102023|24102023|391912,28|1|0|0|391912,28|1|0|0|0|0|0|0|0|0|1289,07|5937,54|0|0|
|C110|000024||
|C110|000023||
|C110|000013||
|C110|000014||
|C190|041|7101|0|391912,28|0|0|0|0|0|0||
|C100|0|1|V0000087565|55|00|001|3671|41231034904448000151550010000036711007117684|11102023|24102023|8959|1|0|0|8959|0|0|0|0|8959|1075,08|0|0|0|147,82|680,88|0|0|
|C110|000002||
|C110|000017||
|C110|000018||
|C170|1|M2023103|CONJUNTO P073 - FORD - 9pc por conjunto|50|PÇ|8959|0|0|000|2101|2101/AA|8959|12|1075,08|0|0|0|0|05||0|0|0|56|8959|1,65|0|0|147,82|56|8959|7,6|0|0|680,88|0000080800|0|
|C190|000|2101|12|8959|8959|1075,08|0|0|0|0||
|C100|0|1|B00310001|55|00|002|326649|41231002258243000150550020003266491214582448|20102023|24102023|270933,53|2|0|0|270933,53|0|0|0|0|270933,53|10837,34|0|0|0|0|0|0|0|
|C110|000002||
|C170|1|G25440-100|ASM Motor KL-ECA-BBL2___-. 8-138-P375_-N|1056|PÇ|255901,03|0|0|200|2151|2151/AA|255901,03|4|10236,04|0|0|0|0|05||0|0|0|98|0|0|0|0|0|98|0|0|0|0|0||0|
|C170|2|G07255-100|Vedação KL-N_----SON-P703_-N|1500|PÇ|15032,5|0|0|200|2151|2151/AA|15032,5|4|601,3|0|0|0|0|05||0|0|0|98|0|0|0|0|0|98|0|0|0|0|0||0|
|C190|200|2151|4|270933,53|270933,53|10837,34|0|0|0|0||
|C100|0|1|B00310001|55|00|002|326648|41231002258243000150550020003266481638281260|20102023|24102023|91135,63|2|0|0|91135,63|0|0|0|0|91135,63|3645,43|0|0|0|0|0|0|0|
|C110|000002||
|C170|1|961828-200|Autocolan FH-S_-RE- 50,00- 22,00-BROSE|11810|PÇ|233,74|0|0|200|2151|2151/AA|233,74|4|9,35|0|0|0|0|05||0|0|0|98|0|0|0|0|0|98|0|0|0|0|0||0|
|C170|2|997771-250|Bolt FH-___________________-S_-Y413_-N|60000|PÇ|17643,75|0|0|200|2151|2151/AA|17643,75|4|705,75|0|0|0|0|05||0|0|0|98|0|0|0|0|0|98|0|0|0|0|0||0|
|C170|3|C86145-100|CANTONEIRA FIXA FH FH-L_-160B_|4439|PÇ|15617,42|0|0|200|2151|2151/AA|15617,42|4|624,7|0|0|0|0|05||0|0|0|98|0|0|0|0|0|98|0|0|0|0|0||0|
|C170|4|C86162-103|ASM RSL FH-R_-VO-A_S-ADP-160B_|2375|PÇ|11853,73|0|0|200|2151|2151/AA|11853,73|4|474,15|0|0|0|0|05||0|0|0|98|0|0|0|0|0|98|0|0|0|0|0||0|
|C170|5|C86180-100|Tambor de cabos FH-BS-EL-LS- 40,0-160B_|19500|PÇ|13062,97|0|0|200|2151|2151/AA|13062,97|4|522,52|0|0|0|0|05||0|0|0|98|0|0|0|0|0|98|0|0|0|0|0||0|
|C170|6|G30129-100|Parafuso TP50____-RHT- 40,00-IP25-FH-N|25600|PÇ|10026,67|0|0|200|2151|2151/AA|10026,67|4|401,07|0|0|0|0|05||0|0|0|98|0|0|0|0|0|98|0|0|0|0|0||0|
|C170|7|C67298-100|Fan KL-EC-510-.10-W213_|440|PÇ|22697,35|0|0|200|2151|2151/AA|22697,35|4|907,89|0|0|0|0|05||0|0|0|98|0|0|0|0|0|98|0|0|0|0|0||0|
|C190|200|2151|4|91135,63|91135,63|3645,43|0|0|0|0||
|C195|000001|Consumo|
|C100|0|1|B00310001|55|00|002|326650|41231002258243000150550020003266501437484463|20102023|24102023|339,58|2|0|0|339,58|0|0|0|0|339,58|13,58|0|0|0|0|0|0|0|
|C110|000002||
|C170|1|964500-100|Encosto FH-S_-FLA-SONST-FUEGEN-M-USE-N|5000|PÇ|339,58|0|0|200|2151|2151/AA|339,58|4|13,58|0|0|0|0|05||0|0|0|98|0|0|0|0|0|98|0|0|0|0|0||0|
|C190|200|2151|4|339,58|339,58|13,58|0|0|0|0||
|C100|0|1|B00310001|55|00|002|326679|41231002258243000150550020003266791835752059|23102023|24102023|8136,93|2|0|0|8136,93|0|0|0|0|8136,93|976,43|0|0|0|0|0|0|0|
|C110|000002||
|C170|1|E35581-101|Cabo Bowden FH FH-L_-1TEIL-360B_|5000|PÇ|8136,93|0|0|000|2151|2151/AA|8136,93|12|976,43|0|0|0|0|05||0|0|0|98|0|0|0|0|0|98|0|0|0|0|0||0|
|C190|000|2151|12|8136,93|8136,93|976,43|0|0|0|0||
|C100|0|1|B00310001|55|00|002|326680|41231002258243000150550020003266801511894681|23102023|24102023|10395,88|2|0|0|10395,88|0|0|0|0|10395,88|1247,51|0|0|0|0|0|0|0|
|C110|000002||
|C170|1|E71030-100|Cabo Bowden FH FH-S_-OFFEN-SUV__|7700|PÇ|10395,88|0|0|000|2151|2151/AA|10395,88|12|1247,51|0|0|0|0|05||0|0|0|98|0|0|0|0|0|98|0|0|0|0|0||0|
|C190|000|2151|12|10395,88|10395,88|1247,51|0|0|0|0||
|C100|0|1|B00310001|55|00|002|326681|41231002258243000150550020003266811356126636|23102023|24102023|6480,8|2|0|0|6480,8|0|0|0|0|6480,8|777,7|0|0|0|0|0|0|0|
|C110|000002||
|C170|1|E71031-101|Cabo Bowden FH FH-S_-OFFEN-SUV__|6500|PÇ|6480,8|0|0|000|2151|2151/AA|6480,8|12|777,7|0|0|0|0|05||0|0|0|98|0|0|0|0|0|98|0|0|0|0|0||0|
|C190|000|2151|12|6480,8|6480,8|777,7|0|0|0|0||
|C100|0|1|V0007003648|55|00|001|349619|42231006913480002616550010003496191529212949|17102023|24102023|1171,5|1|0|0|1171,5|0|0|0|0|0|0|0|0|0|17,01|78,35|0|0|
|C110|000025||
|C170|1|M20231026|Inversor CFW300|1|PÇ|1171,5|0|0|090|2556|2556/AA|0|0|0|0|0|0|0|49||0|0|0|98|0|1,65|0|0|17,01|98|0|7,6|0|0|78,35|0000080800|0|
|C190|090|2556|0|1171,5|0|0|0|0|0|0|000001|
|C195|000001|Consumo|
|C195|000008|Dif. Aliq.:70,29|
|C100|0|1|V0000012504|55|00|005|699087|35231059104760000353550050006990871007187019|23102023|24102023|25470,32|2|0|0|25470,32|9|0|0|0|0|0|0|0|0|0|0|0|0|
|C110|000012||
|C110|000002||
|C170|1|P01618-000|KTL TOY-FEST-M-KU-DGR- 400- 600- 340|40|PÇ|8108,8|0|0|040|1920|1920/AA|0|0|0|0|0|0|0|05||0|0|0|98|0|0|0|0|0|98|0|0|0|0|0||0|
|C170|2|P01617-000|KTL TOY-FEST-M-KU-DGR- 400- 600- 450|56|PÇ|14099,68|0|0|040|1920|1920/AA|0|0|0|0|0|0|0|05||0|0|0|98|0|0|0|0|0|98|0|0|0|0|0||0|
|C170|3|P03558-000|VHM TOY-DECK-M-KU-SWA-1.200- 800- 2|12|PÇ|1318,56|0|0|040|1920|1920/AA|0|0|0|0|0|0|0|05||0|0|0|98|0|0|0|0|0|98|0|0|0|0|0||0|
|C170|4|P00410-000|GLT TOY-PALE-M-KU-SWA-1.200- 800- 50|12|PÇ|1943,28|0|0|040|1920|1920/AA|0|0|0|0|0|0|0|05||0|0|0|98|0|0|0|0|0|98|0|0|0|0|0||0|
|C190|040|1920|0|25470,32|0|0|0|0|0|0||
|C100|1|0|C0000002543|55|00|006|11647|35231002258243000745550060000116471914393005|24102023|24102023|271323,89|1|0|0|271323,89|1|0|0|0|0|0|0|0|0|892,43|4110,61|0|0|
|C110|000024||
|C110|000023||
|C110|000013||
|C110|000014||
|C190|041|7101|0|271323,89|0|0|0|0|0|0||
|C100|0|1|V0000072143|55|00|003|9500|35231018476245000155550030000095001310810362|17102023|25102023|7741,11|1|0|0|7741,11|0|0|0|0|0|0|0|0|0|0|0|0|0|
|C110|000025||
|C170|1|M20231023|REFEIÇÕES - JARINU - 2023|1|UR|7741,11|0|0|090|1556|1556/AA|0|0|0|0|0|0|0|49||0|0|0|98|0|0|0|0|0|98|0|0|0|0|0|0000066700|0|
|C190|090|1556|0|7741,11|0|0|0|0|0|0|000001|
|C195|000001|Consumo|
|C100|1|0|C0008001303|55|00|006|11649|35231002258243000745550060000116491606956399|25102023|25102023|21000|1|0|0|21000|1|0|0|0|0|0|0|0|0|346,5|1596|0|0|
|C110|000012||
|C110|000002||
|C110|000026||
|C110|000027||
|C110|000006||
|C110|000013||
|C110|000014||
|C190|040|6920|0|21000|0|0|0|0|0|0||
|C100|1|0||55|02|006|11648|35231002258243000745550060000116481344572540|||||||||||||||||||||
|C100|0|1|V0000087565|55|00|001|3672|41231034904448000151550010000036721007124238|11102023|25102023|7167,21|1|0|0|7167,21|0|0|0|0|7167,21|860,07|0|0|0|118,26|544,71|0|0|
|C110|000002||
|C110|000017||
|C110|000018||
|C170|1|M2023103|CONJUNTO P073 - FORD - 9pc por conjunto|40|PÇ|7167,21|0|0|000|2101|2101/AA|7167,21|12|860,07|0|0|0|0|05||0|0|0|56|7167,21|1,65|0|0|118,26|56|7167,21|7,6|0|0|544,71|0000080800|0|
|C190|000|2101|12|7167,21|7167,21|860,07|0|0|0|0||
|C100|0|1|V0000087565|55|00|001|3670|41231034904448000151550010000036701001179273|11102023|25102023|8959|1|0|0|8959|0|0|0|0|8959|1075,08|0|0|0|147,82|680,88|0|0|
|C110|000002||
|C110|000017||
|C110|000018||
|C170|1|M2023103|CONJUNTO P073 - FORD - 9pc por conjunto|50|PÇ|8959|0|0|000|2101|2101/AA|8959|12|1075,08|0|0|0|0|05||0|0|0|56|8959|1,65|0|0|147,82|56|8959|7,6|0|0|680,88|0000080800|0|
|C190|000|2101|12|8959|8959|1075,08|0|0|0|0||
|C100|0|1|V0000087565|55|00|001|3682|41231034904448000151550010000036821006183865|16102023|25102023|3583,59|1|0|0|3583,59|0|0|0|0|3583,6|430,03|0|0|0|59,13|272,35|0|0|
|C110|000002||
|C110|000017||
|C110|000018||
|C170|1|M2023103|CONJUNTO P073 - FORD - 9pc por conjunto|20|PÇ|3583,59|0|0|000|2101|2101/AA|3583,6|12|430,03|0|0|0|0|05||0|0|0|56|3583,59|1,65|0|0|59,13|56|3583,59|7,6|0|0|272,35|0000080800|0|
|C190|000|2101|12|3583,59|3583,6|430,03|0|0|0|0||
|C100|0|1|V0000087565|55|00|001|3708|41231034904448000151550010000037081008575947|20102023|25102023|8959|1|0|0|8959|0|0|0|0|8959|1075,08|0|0|0|147,82|680,88|0|0|
|C110|000002||
|C110|000017||
|C110|000018||
|C170|1|M2023103|CONJUNTO P073 - FORD - 9pc por conjunto|50|PÇ|8959|0|0|000|2101|2101/AA|8959|12|1075,08|0|0|0|0|05||0|0|0|56|8959|1,65|0|0|147,82|56|8959|7,6|0|0|680,88|0000080800|0|
|C190|000|2101|12|8959|8959|1075,08|0|0|0|0||
|C100|0|1|V0000087565|55|00|001|3709|41231034904448000151550010000037091006145136|20102023|25102023|8959|1|0|0|8959|0|0|0|0|8959|1075,08|0|0|0|147,82|680,88|0|0|
|C110|000002||
|C110|000017||
|C110|000018||
|C170|1|M2023103|CONJUNTO P073 - FORD - 9pc por conjunto|50|PÇ|8959|0|0|000|2101|2101/AA|8959|12|1075,08|0|0|0|0|05||0|0|0|56|8959|1,65|0|0|147,82|56|8959|7,6|0|0|680,88|0000080800|0|
|C190|000|2101|12|8959|8959|1075,08|0|0|0|0||
|C100|0|1|V0000048415|55|00|005|494704|41231043375930000132550050004947041096096105|18102023|25102023|376848|1|0|0|376848|1|0|0|0|376848,02|15073,92|0|0|0|6218|28640,44|0|0|
|C110|000002||
|C110|000017||
|C110|000018||
|C170|1|E17699-100|WRD Q-A-W-E-10-90_-AS-WR19_-E-1-360B_-N|1440|PÇ|113054,4|0|0|000|2101|2101/AA|113054,4|4|4522,18|0|0|0|0|05||0|0|0|56|113054,4|1,65|0|0|1865,4|56|113054,4|7,6|0|0|8592,13|0000080800|0|
|C170|2|E17690-100|WRD P-A-W-E-10-90_-AS-WR19_-E-1-360B_-N|960|PÇ|75369,6|0|0|000|2101|2101/AA|75369,61|4|3014,78|0|0|0|0|05||0|0|0|56|75369,6|1,65|0|0|1243,6|56|75369,6|7,6|0|0|5728,09|0000080800|0|
|C170|3|E17701-100|WRD Q-A-W-E-10-90_-AS-WR19_-E-1-360B_-N|1440|PÇ|113054,4|0|0|000|2101|2101/AA|113054,4|4|4522,18|0|0|0|0|05||0|0|0|56|113054,4|1,65|0|0|1865,4|56|113054,4|7,6|0|0|8592,13|0000080800|0|
|C170|4|E17700-100|WRD P-A-W-E-10-90_-AS-WR19_-E-1-360B_-N|960|PÇ|75369,6|0|0|000|2101|2101/AA|75369,61|4|3014,78|0|0|0|0|05||0|0|0|56|75369,6|1,65|0|0|1243,6|56|75369,6|7,6|0|0|5728,09|0000080800|0|
|C190|000|2101|4|376848|376848,02|15073,92|0|0|0|0||
|C100|0|1|V0000061750|55|00|003|255250|35231062672415000169550030002552501158255006|19102023|25102023|30103,91|1|0|0|30103,91|1|0|0|0|30103,91|5418,71|0|0|0|496,72|2287,9|0|0|
|C110|000002||
|C110|000017||
|C110|000018||
|C170|1|E33456-100|SAG FH-R_-BS-EL- 40,0-360B_-N|2160|PÇ|14314,32|0|0|000|1101|1101/AA|14314,32|18|2576,58|0|0|0|0|05||0|0|0|56|14314,32|1,65|0|0|236,19|56|14314,32|7,6|0|0|1087,89|0000080800|0|
|C170|2|E33458-100|SAG FH-R_-BS-EL- 40,0-360B_-N|1840|PÇ|15789,59|0|0|000|1101|1101/AA|15789,59|18|2842,13|0|0|0|0|05||0|0|0|56|15789,59|1,65|0|0|260,53|56|15789,59|7,6|0|0|1200,01|0000080800|0|
|C190|000|1101|18|30103,91|30103,91|5418,71|0|0|0|0||
|C100|0|1|V0000061750|55|00|003|255249|35231062672415000169550030002552491158254386|19102023|25102023|20309,46|1|0|0|20309,46|1|0|0|0|20309,47|3655,7|0|0|0|335,1|1543,52|0|0|
|C110|000002||
|C110|000017||
|C110|000018||
|C170|1|E33455-100|SAG FH-L_-BS-EL- 40,0-360B_-N|1200|PÇ|7952,4|0|0|000|1101|1101/AA|7952,4|18|1431,43|0|0|0|0|05||0|0|0|56|7952,4|1,65|0|0|131,21|56|7952,4|7,6|0|0|604,38|0000080800|0|
|C170|2|E33457-100|SAG FH-L_-BS-EL- 40,0-360B_-N|1440|PÇ|12357,06|0|0|000|1101|1101/AA|12357,07|18|2224,27|0|0|0|0|05||0|0|0|56|12357,06|1,65|0|0|203,89|56|12357,06|7,6|0|0|939,14|0000080800|0|
|C190|000|1101|18|20309,46|20309,47|3655,7|0|0|0|0||
|C100|1|0|C0000006733|55|00|006|11650|35231002258243000745550060000116501613332266|25102023|25102023|731,1|0|0|0|731,1|1|0|0|0|731,1|87,74|0|0|0|12,06|55,56|0|0|
|C110|000007||
|C110|000002||
|C110|000009||
|C190|551|5101|18|731,1|731,1|87,74|0|0|0|0||
|C100|1|0|C0000006733|55|00|006|11651|35231002258243000745550060000116511796841243|25102023|25102023|511,82|0|0|0|511,82|1|0|0|0|0|0|0|0|0|8,44|38,9|0|0|
|C110|000002||
|C110|000006||
|C110|000013||
|C110|000014||
|C190|000|5920|0|511,82|0|0|0|0|0|0||
|C100|1|0|C0000006733|55|00|006|11652|35231002258243000745550060000116521891679951|25102023|25102023|66555,7|0|0|0|66555,7|1|0|0|0|66555,7|7987,08|0|0|0|1098,18|5058,24|0|0|
|C110|000007||
|C110|000002||
|C110|000008||
|C110|000009||
|C110|000010||
|C110|000011||
|C190|551|5101|18|66555,7|66555,7|7987,08|0|0|0|0||
|C100|1|0|C0000006733|55|00|006|11653|35231002258243000745550060000116531887392136|25102023|25102023|68017,9|0|0|0|68017,9|1|0|0|0|68017,9|8162,56|0|0|0|1122,3|5169,36|0|0|
|C110|000007||
|C110|000002||
|C110|000008||
|C110|000009||
|C110|000010||
|C110|000011||
|C190|551|5101|18|68017,9|68017,9|8162,56|0|0|0|0||
|C100|1|0|C0000006733|55|00|006|11654|35231002258243000745550060000116541274407993|25102023|25102023|9021,84|0|0|0|9021,84|1|0|0|0|0|0|0|0|0|148,86|685,66|0|0|
|C110|000002||
|C110|000006||
|C110|000013||
|C110|000014||
|C190|000|5920|0|9021,84|0|0|0|0|0|0||
|C100|1|0|C0000006733|55|00|006|11655|35231002258243000745550060000116551851857575|25102023|25102023|9021,84|0|0|0|9021,84|1|0|0|0|0|0|0|0|0|148,86|685,66|0|0|
|C110|000002||
|C110|000006||
|C110|000013||
|C110|000014||
|C190|000|5920|0|9021,84|0|0|0|0|0|0||
|C100|1|0|B0000310001|55|00|006|11595|35231002258243000745550060000115951668094517|18102023|18102023|100|2|0|0|100|9|0|0|0|0|0|0|0|0|0|0|0|0|
|C110|000025||
|C110|000026||
|C110|000027||
|C190|090|6557|0|100|0|0|0|0|0|0||
|C100|0|1|V0000021461|55|00|002|189523|43231089729867000196550020001895231262449620|19102023|25102023|16249,69|1|0|0|16249,69|1|0|0|0|16249,7|1949,96|0|0|0|268,12|1234,97|16,24|81,24|
|C110|000002||
|C110|000017||
|C110|000018||
|C170|1|E71028-103|SAG FH-R_-OS-EL- 44,0-CRETA-N|1800|PÇ|8124,93|0|0|000|2101|2101/AA|8124,93|12|974,99|0|0|0|0|05||0|0|0|56|8124,93|1,65|0|0|134,06|56|8124,93|7,6|0|0|617,49|0000080800|0|
|C170|2|E71027-103|SAG FH-L_-OS-EL- 44,0-CRETA-N|1800|PÇ|8124,76|0|0|000|2101|2101/AA|8124,77|12|974,97|0|0|0|0|05||0|0|0|56|8124,76|1,65|0|0|134,06|56|8124,76|7,6|0|0|617,48|0000080800|0|
|C190|000|2101|12|16249,69|16249,7|1949,96|0|0|0|0||
|C100|0|1|V0000021461|55|00|002|189522|43231089729867000196550020001895221281489457|19102023|25102023|32095,91|1|0|0|32095,91|1|0|0|0|32095,92|3851,51|0|0|0|529,58|2439,29|32,1|160,48|
|C110|000002||
|C110|000017||
|C110|000018||
|C170|1|E71017-103|Deslizad.trilho FH-L_-ADA-KST-BNF-CRETA|2400|PÇ|16048,15|0|0|000|2101|2101/AA|16048,15|12|1925,78|0|0|0|0|05||0|0|0|56|16048,15|1,65|0|0|264,79|56|16048,15|7,6|0|0|1219,66|0000080800|0|
|C170|2|E71018-103|Deslizad.trilho FH-R_-ADA-KST-BNF-CRETA|2400|PÇ|16047,76|0|0|000|2101|2101/AA|16047,77|12|1925,73|0|0|0|0|05||0|0|0|56|16047,76|1,65|0|0|264,79|56|16047,76|7,6|0|0|1219,63|0000080800|0|
|C190|000|2101|12|32095,91|32095,92|3851,51|0|0|0|0||
|C100|0|1|V0000021461|55|00|002|189524|43231089729867000196550020001895241239918609|19102023|25102023|15779,08|1|0|0|15779,08|0|0|0|0|15779,06|1893,49|0|0|0|260,36|1199,21|15,78|78,9|
|C110|000002||
|C110|000017||
|C110|000018||
|C170|1|G20549-103|SAG FH-L_-OS-EL- 44,0-FIT__-N|1560|PÇ|7889,49|0|0|000|2101|2101/AA|7889,48|12|946,74|0|0|0|0|05||0|0|0|56|7889,49|1,65|0|0|130,18|56|7889,49|7,6|0|0|599,6|0000080800|0|
|C170|2|G20550-103|SAG FH-R_-OS-EL- 44,0-FIT__-N|1560|PÇ|7889,59|0|0|000|2101|2101/AA|7889,58|12|946,75|0|0|0|0|05||0|0|0|56|7889,59|1,65|0|0|130,18|56|7889,59|7,6|0|0|599,61|0000080800|0|
|C190|000|2101|12|15779,08|15779,06|1893,49|0|0|0|0||
|C100|0|1|V0000014448|55|00|020|768447|35231045990181000189550200007684471678148172|24102023|26102023|9306,88|2|0|0|9306,88|1|0|0|0|0|0|0|0|0|0|0|0|0|
|C110|000012||
|C110|000002||
|C170|1|3044FJ-000|VHM TOY-PALE-M-KU-___-1.205-1.005- 160|8|PÇ|2631,36|0|0|240|1920|1920/AA|0|0|0|0|0|0|0|05||0|0|0|98|0|0|0|0|0|98|0|0|0|0|0||0|
|C170|2|3044CP-000|VHM BRO-DECK-M-KU-___-1.232-1.019- 69|8|PÇ|1385,52|0|0|240|1920|1920/AA|0|0|0|0|0|0|0|05||0|0|0|98|0|0|0|0|0|98|0|0|0|0|0||0|
|C170|3|3044JT-000|KTL BOS-FEST-M-KU-GRN- 600- 400- 150|200|PÇ|5290|0|0|240|1920|1920/AA|0|0|0|0|0|0|0|05||0|0|0|98|0|0|0|0|0|98|0|0|0|0|0||0|
|C190|240|1920|0|9306,88|0|0|0|0|0|0||
|C100|0|1|V0000089798|55|00|001|300746|31231025170937000136550010003007461269755224|24102023|26102023|37382|2|0|0|37382|1|0|0|0|0|0|0|0|0|0|0|0|0|
|C110|000012||
|C110|000002||
|C170|1|P04609-000|GLT BRO-WELL-E-PA-BEI-1.120- 960- 690|58|PÇ|10382|0|0|040|2921|2921/AA|0|0|0|0|0|0|0|05||0|0|0|98|0|0|0|0|0|98|0|0|0|0|0||0|
|C170|2|304718-000|GLT BRO-KLBE-M-KU-GRA-1.200-1.000- 990|15|PÇ|13500|0|0|040|2921|2921/AA|0|0|0|0|0|0|0|05||0|0|0|98|0|0|0|0|0|98|0|0|0|0|0||0|
|C170|3|304718-000|GLT BRO-KLBE-M-KU-GRA-1.200-1.000- 990|3|PÇ|2700|0|0|040|2921|2921/AA|0|0|0|0|0|0|0|05||0|0|0|98|0|0|0|0|0|98|0|0|0|0|0||0|
|C170|4|P03908-000|VHM BRO-SPAI-M-KU-BLA- 925-1.110- 790|8|PÇ|2400|0|0|040|2921|2921/AA|0|0|0|0|0|0|0|05||0|0|0|98|0|0|0|0|0|98|0|0|0|0|0||0|
|C170|5|P03908-000|VHM BRO-SPAI-M-KU-BLA- 925-1.110- 790|28|PÇ|8400|0|0|040|2921|2921/AA|0|0|0|0|0|0|0|05||0|0|0|98|0|0|0|0|0|98|0|0|0|0|0||0|
|C190|040|2921|0|37382|0|0|0|0|0|0||
|C100|0|1|V0000012504|55|00|005|699315|35231059104760000353550050006993151007189302|25102023|26102023|27907,54|2|0|0|27907,54|9|0|0|0|0|0|0|0|0|0|0|0|0|
|C110|000012||
|C110|000002||
|C170|1|P01618-000|KTL TOY-FEST-M-KU-DGR- 400- 600- 340|48|PÇ|9730,56|0|0|040|1920|1920/AA|0|0|0|0|0|0|0|05||0|0|0|98|0|0|0|0|0|98|0|0|0|0|0||0|
|C170|2|P01617-000|KTL TOY-FEST-M-KU-DGR- 400- 600- 450|56|PÇ|14099,68|0|0|040|1920|1920/AA|0|0|0|0|0|0|0|05||0|0|0|98|0|0|0|0|0|98|0|0|0|0|0||0|
|C170|3|P03558-000|VHM TOY-DECK-M-KU-SWA-1.200- 800- 2|15|PÇ|1648,2|0|0|040|1920|1920/AA|0|0|0|0|0|0|0|05||0|0|0|98|0|0|0|0|0|98|0|0|0|0|0||0|
|C170|4|P00410-000|GLT TOY-PALE-M-KU-SWA-1.200- 800- 50|15|PÇ|2429,1|0|0|040|1920|1920/AA|0|0|0|0|0|0|0|05||0|0|0|98|0|0|0|0|0|98|0|0|0|0|0||0|
|C190|040|1920|0|27907,54|0|0|0|0|0|0||
|C100|0|1|V0000012504|55|00|005|699231|35231059104760000353550050006992311007188452|24102023|26102023|17650,1|2|0|0|17650,1|9|0|0|0|0|0|0|0|0|0|0|0|0|
|C110|000012||
|C110|000002||
|C170|1|P01618-000|KTL TOY-FEST-M-KU-DGR- 400- 600- 340|28|PÇ|5676,16|0|0|040|1920|1920/AA|0|0|0|0|0|0|0|05||0|0|0|98|0|0|0|0|0|98|0|0|0|0|0||0|
|C170|2|P01617-000|KTL TOY-FEST-M-KU-DGR- 400- 600- 450|40|PÇ|10071,2|0|0|040|1920|1920/AA|0|0|0|0|0|0|0|05||0|0|0|98|0|0|0|0|0|98|0|0|0|0|0||0|
|C170|3|P03558-000|VHM TOY-DECK-M-KU-SWA-1.200- 800- 2|7|PÇ|769,16|0|0|040|1920|1920/AA|0|0|0|0|0|0|0|05||0|0|0|98|0|0|0|0|0|98|0|0|0|0|0||0|
|C170|4|P00410-000|GLT TOY-PALE-M-KU-SWA-1.200- 800- 50|7|PÇ|1133,58|0|0|040|1920|1920/AA|0|0|0|0|0|0|0|05||0|0|0|98|0|0|0|0|0|98|0|0|0|0|0||0|
|C190|040|1920|0|17650,1|0|0|0|0|0|0||
|C100|0|1|V0000012504|55|00|005|699155|35231059104760000353550050006991551007187690|24102023|26102023|27706,72|2|0|0|27706,72|9|0|0|0|0|0|0|0|0|0|0|0|0|
|C110|000012||
|C110|000002||
|C170|1|P01618-000|KTL TOY-FEST-M-KU-DGR- 400- 600- 340|56|PÇ|11352,32|0|0|040|1920|1920/AA|0|0|0|0|0|0|0|05||0|0|0|98|0|0|0|0|0|98|0|0|0|0|0||0|
|C170|2|P01617-000|KTL TOY-FEST-M-KU-DGR- 400- 600- 450|52|PÇ|13092,56|0|0|040|1920|1920/AA|0|0|0|0|0|0|0|05||0|0|0|98|0|0|0|0|0|98|0|0|0|0|0||0|
|C170|3|P03558-000|VHM TOY-DECK-M-KU-SWA-1.200- 800- 2|12|PÇ|1318,56|0|0|040|1920|1920/AA|0|0|0|0|0|0|0|05||0|0|0|98|0|0|0|0|0|98|0|0|0|0|0||0|
|C170|4|P00410-000|GLT TOY-PALE-M-KU-SWA-1.200- 800- 50|12|PÇ|1943,28|0|0|040|1920|1920/AA|0|0|0|0|0|0|0|05||0|0|0|98|0|0|0|0|0|98|0|0|0|0|0||0|
|C190|040|1920|0|27706,72|0|0|0|0|0|0||
|C100|0|1|V0000012504|55|00|005|699392|35231059104760000353550050006993921007190075|25102023|26102023|25496,24|2|0|0|25496,24|9|0|0|0|0|0|0|0|0|0|0|0|0|
|C110|000012||
|C110|000002||
|C170|1|P01618-000|KTL TOY-FEST-M-KU-DGR- 400- 600- 340|60|PÇ|12163,2|0|0|040|1920|1920/AA|0|0|0|0|0|0|0|05||0|0|0|98|0|0|0|0|0|98|0|0|0|0|0||0|
|C170|2|P01617-000|KTL TOY-FEST-M-KU-DGR- 400- 600- 450|40|PÇ|10071,2|0|0|040|1920|1920/AA|0|0|0|0|0|0|0|05||0|0|0|98|0|0|0|0|0|98|0|0|0|0|0||0|
|C170|3|P03558-000|VHM TOY-DECK-M-KU-SWA-1.200- 800- 2|12|PÇ|1318,56|0|0|040|1920|1920/AA|0|0|0|0|0|0|0|05||0|0|0|98|0|0|0|0|0|98|0|0|0|0|0||0|
|C170|4|P00410-000|GLT TOY-PALE-M-KU-SWA-1.200- 800- 50|12|PÇ|1943,28|0|0|040|1920|1920/AA|0|0|0|0|0|0|0|05||0|0|0|98|0|0|0|0|0|98|0|0|0|0|0||0|
|C190|040|1920|0|25496,24|0|0|0|0|0|0||
|C100|0|1|V0000044990|55|00|001|67210|35231064999527000154550010000672101399427200|23102023|26102023|476,1|1|0|0|476,1|1|0|0|0|0|0|0|0|0|7,86|36,18|0,48|2,38|
|C110|000012||
|C110|000002||
|C110|000017||
|C110|000018||
|C170|1|E35197-100|Barra de guia FH FH-L_-SE-___KSP-360B_-N|1500|PÇ|476,1|0|0|040|1124|1124/AA|0|0|0|0|0|0|0|05||0|0|0|56|476,1|1,65|0|0|7,86|56|476,1|7,6|0|0|36,18|0000080800|0|
|C190|040|1124|0|476,1|0|0|0|0|0|0||
|C195|000003|111|
|C100|0|1|V0000044990|55|00|001|67211|35231064999527000154550010000672111399427207|23102023|26102023|285,66|1|0|0|285,66|1|0|0|0|0|0|0|0|0|4,71|21,71|0,29|1,43|
|C110|000012||
|C110|000002||
|C110|000017||
|C110|000018||
|C170|1|E35198-100|Barra de guia FH FH-R_-SE-___KSP-360B_-N|900|PÇ|285,66|0|0|040|1124|1124/AA|0|0|0|0|0|0|0|05||0|0|0|56|285,66|1,65|0|0|4,71|56|285,66|7,6|0|0|21,71|0000080800|0|
|C190|040|1124|0|285,66|0|0|0|0|0|0||
|C195|000003|111|
|C100|0|1|V0000044990|55|00|001|67214|35231064999527000154550010000672141399427209|23102023|26102023|492,63|1|0|0|492,63|1|0|0|0|0|0|0|0|0|8,13|37,44|0,49|2,46|
|C110|000012||
|C110|000002||
|C110|000017||
|C110|000018||
|C170|1|E71022-100|Barra de guia FH FH-R_-SE-417542-FIT__-N|1750|PÇ|492,63|0|0|040|1124|1124/AA|0|0|0|0|0|0|0|05||0|0|0|56|492,63|1,65|0|0|8,13|56|492,63|7,6|0|0|37,44|0000080800|0|
|C190|040|1124|0|492,63|0|0|0|0|0|0||
|C195|000003|111|
|C100|0|1|V0000044990|55|00|001|67215|35231064999527000154550010000672151399427206|23102023|26102023|665,04|1|0|0|665,04|1|0|0|0|0|0|0|0|0|10,97|50,54|0,67|3,33|
|C110|000012||
|C110|000002||
|C110|000017||
|C110|000018||
|C170|1|E71025-100|Barra de guia FH FH-L_-SE-___KSP-HKMC_-N|2400|PÇ|665,04|0|0|040|1124|1124/AA|0|0|0|0|0|0|0|05||0|0|0|56|665,04|1,65|0|0|10,97|56|665,04|7,6|0|0|50,54|0000080800|0|
|C190|040|1124|0|665,04|0|0|0|0|0|0||
|C195|000003|111|
|C100|0|1|V0000044990|55|00|001|67216|35231064999527000154550010000672161399427203|23102023|26102023|665,04|1|0|0|665,04|1|0|0|0|0|0|0|0|0|10,97|50,54|0,67|3,33|
|C110|000012||
|C110|000002||
|C110|000017||
|C110|000018||
|C170|1|E71026-100|Barra de guia FH FH-R_-SE-___KSP-FIT__-N|2400|PÇ|665,04|0|0|040|1124|1124/AA|0|0|0|0|0|0|0|05||0|0|0|56|665,04|1,65|0|0|10,97|56|665,04|7,6|0|0|50,54|0000080800|0|
|C190|040|1124|0|665,04|0|0|0|0|0|0||
|C195|000003|111|
|C100|0|1|V0000044990|55|00|001|67230|35231064999527000154550010000672301409114805|23102023|26102023|314,27|1|0|0|314,27|1|0|0|0|0|0|0|0|0|5,19|23,88|0,31|1,57|
|C110|000012||
|C110|000002||
|C110|000017||
|C110|000018||
|C170|1|E35199-100|Barra de guia FH FH-L_-SE-___KSP-360B_-N|900|PÇ|314,27|0|0|040|1124|1124/AA|0|0|0|0|0|0|0|05||0|0|0|56|314,27|1,65|0|0|5,19|56|314,27|7,6|0|0|23,88|0000080800|0|
|C190|040|1124|0|314,27|0|0|0|0|0|0||
|C195|000003|111|
|C100|0|1|V0000089798|55|00|001|300719|31231025170937000136550010003007191912260221|21102023|26102023|8123,72|1|0|0|8123,72|1|0|0|0|8123,72|974,85|0|0|0|134,04|617,4|0|0|
|C110|000002||
|C110|000017||
|C110|000018||
|C170|1|G25442-101|Fan KL-EC-530-. 8-U375_|280|PÇ|8123,72|0|0|000|2101|2101/AA|8123,72|12|974,85|0|0|0|0|05||0|0|0|56|8123,72|1,65|0|0|134,04|56|8123,72|7,6|0|0|617,4|0000080800|0|
|C190|000|2101|12|8123,72|8123,72|974,85|0|0|0|0||
|C100|0|1|V0000089798|55|00|001|300714|31231025170937000136550010003007141767227722|20102023|26102023|30173,83|1|0|0|30173,83|1|0|0|0|30173,83|3620,86|0|0|0|497,87|2293,21|0|0|
|C110|000002||
|C110|000017||
|C110|000018||
|C170|1|G25442-101|Fan KL-EC-530-. 8-U375_|1040|PÇ|30173,83|0|0|000|2101|2101/AA|30173,83|12|3620,86|0|0|0|0|05||0|0|0|56|30173,83|1,65|0|0|497,87|56|30173,83|7,6|0|0|2293,21|0000080800|0|
|C190|000|2101|12|30173,83|30173,83|3620,86|0|0|0|0||
|C100|0|1|V0000089798|55|00|001|300745|31231025170937000136550010003007451831297516|24102023|26102023|56711,82|1|0|0|56711,82|1|0|0|0|56711,82|6805,42|0|0|0|935,75|4310,1|0|0|
|C110|000002||
|C110|000017||
|C110|000018||
|C170|1|G25442-101|Fan KL-EC-530-. 8-U375_|720|PÇ|20889,57|0|0|000|2101|2101/AA|20889,57|12|2506,75|0|0|0|0|05||0|0|0|56|20889,57|1,65|0|0|344,68|56|20889,57|7,6|0|0|1587,61|0000080800|0|
|C170|2|G25949-102|Shroud KL-EC-EIN-. 8-P703_|577|PÇ|35822,25|0|0|000|2101|2101/AA|35822,25|12|4298,67|0|0|0|0|05||0|0|0|56|35822,25|1,65|0|0|591,07|56|35822,25|7,6|0|0|2722,49|0000080800|0|
|C190|000|2101|12|56711,82|56711,82|6805,42|0|0|0|0||
|C100|0|1|V0000044990|55|00|001|67212|35231064999527000154550010000672121399427204|23102023|26102023|419,04|1|0|0|419,04|1|0|0|0|0|0|0|0|0|6,91|31,85|0,42|2,1|
|C110|000012||
|C110|000002||
|C110|000017||
|C110|000018||
|C170|1|E35200-100|Barra de guia FH FH-R_-SE-___KSP-360B_-N|1200|PÇ|419,04|0|0|040|1124|1124/AA|0|0|0|0|0|0|0|05||0|0|0|56|419,04|1,65|0|0|6,91|56|419,04|7,6|0|0|31,85|0000080800|0|
|C190|040|1124|0|419,04|0|0|0|0|0|0||
|C195|000003|111|
|C100|0|1|V0000044990|55|00|001|67213|35231064999527000154550010000672131399427201|23102023|26102023|492,63|1|0|0|492,63|1|0|0|0|0|0|0|0|0|8,13|37,44|0,49|2,46|
|C110|000012||
|C110|000002||
|C110|000017||
|C110|000018||
|C170|1|E71021-100|Barra de guia FH FH-L_-SE-417542-HKMC_-N|1750|PÇ|492,63|0|0|040|1124|1124/AA|0|0|0|0|0|0|0|05||0|0|0|56|492,63|1,65|0|0|8,13|56|492,63|7,6|0|0|37,44|0000080800|0|
|C190|040|1124|0|492,63|0|0|0|0|0|0||
|C195|000003|111|
|C100|0|1|V0000088584|55|00|006|346440|35231010394422000142550060003464401169097952|20102023|26102023|55674|2|0|0|55674|9|0|0|0|0|0|0|0|0|0|0|0|0|
|C110|000012||
|C110|000032||
|C170|1|E71500-100|WRD Q-9-W-E-_9-80_-BO-FPG2_-6-1-__-__-N|900|PÇ|55674|0|0|040|1901|1901/AA|0|0|0|0|0|0|0|01||0|0|0|98|0|0|0|0|0|98|0|0|0|0|0||0|
|C190|040|1901|0|55674|0|0|0|0|0|0||
|C100|0|1|V0000088584|55|00|006|346547|35231010394422000142550060003465471419403920|23102023|26102023|83511|2|0|0|83511|9|0|0|0|0|0|0|0|0|0|0|0|0|
|C110|000012||
|C110|000032||
|C170|1|E71500-100|WRD Q-9-W-E-_9-80_-BO-FPG2_-6-1-__-__-N|1350|PÇ|83511|0|0|040|1901|1901/AA|0|0|0|0|0|0|0|01||0|0|0|98|0|0|0|0|0|98|0|0|0|0|0||0|
|C190|040|1901|0|83511|0|0|0|0|0|0||
|C100|0|1|V0000088584|55|00|006|346549|35231010394422000142550060003465491429260182|23102023|26102023|27837|2|0|0|27837|9|0|0|0|0|0|0|0|0|0|0|0|0|
|C110|000012||
|C110|000032||
|C170|1|E71430-100|WRD Q-9-W-E-_9-80_-BO-FPG2_-6-1-__-__-N|450|PÇ|27837|0|0|040|1901|1901/AA|0|0|0|0|0|0|0|01||0|0|0|98|0|0|0|0|0|98|0|0|0|0|0||0|
|C190|040|1901|0|27837|0|0|0|0|0|0||
|C100|0|1|V0000088584|55|00|006|346769|35231010394422000142550060003467691084069215|26102023|26102023|55674|2|0|0|55674|9|0|0|0|0|0|0|0|0|0|0|0|0|
|C110|000012||
|C110|000032||
|C170|1|E71429-100|WRD P-9-W-E-_9-80_-BO-FPG2_-6-1-__-__-N|900|PÇ|55674|0|0|040|1901|1901/AA|0|0|0|0|0|0|0|01||0|0|0|98|0|0|0|0|0|98|0|0|0|0|0||0|
|C190|040|1901|0|55674|0|0|0|0|0|0||
|C100|1|0|C0000000032|55|00|006|11656|35231002258243000745550060000116561876841521|26102023|26102023|1118,78|2|0|0|1050,5|9|0|0|0|1118,78|201,38|0|0|68,28|0|0|0|0|
|C110|000040||
|C110|000041||
|C110|000042||
|C110|000043||
|C110|000044||
|C110|000045||
|C110|000026||
|C110|000027||
|C190|000|5949|18|1118,78|1118,78|201,38|0|0|0|68,28||
|C100|1|0|C0000006733|55|00|006|11658|35231002258243000745550060000116581679465289|26102023|26102023|65060,6|0|0|0|65060,6|1|0|0|0|65060,6|7807,66|0|0|0|1073,5|4944,6|0|0|
|C110|000007||
|C110|000002||
|C110|000008||
|C110|000009||
|C110|000010||
|C110|000011||
|C190|551|5101|18|65060,6|65060,6|7807,66|0|0|0|0||
|C100|1|0|C0000006733|55|00|006|11657|35231002258243000745550060000116571402880132|26102023|26102023|69480,1|0|0|0|69480,1|1|0|0|0|69480,1|8338,02|0|0|0|1146,44|5280,5|0|0|
|C110|000007||
|C110|000002||
|C110|000008||
|C110|000009||
|C110|000010||
|C110|000011||
|C190|551|5101|18|69480,1|69480,1|8338,02|0|0|0|0||
|C100|1|0|C0000006733|55|00|006|11659|35231002258243000745550060000116591184756413|26102023|26102023|9773,66|0|0|0|9773,66|1|0|0|0|0|0|0|0|0|161,27|742,8|0|0|
|C110|000002||
|C110|000006||
|C110|000013||
|C110|000014||
|C190|000|5920|0|9773,66|0|0|0|0|0|0||
|C100|1|0|C0000006733|55|00|006|11660|35231002258243000745550060000116601690635606|26102023|26102023|9021,84|0|0|0|9021,84|1|0|0|0|0|0|0|0|0|148,86|685,66|0|0|
|C110|000002||
|C110|000006||
|C110|000013||
|C110|000014||
|C190|000|5920|0|9021,84|0|0|0|0|0|0||
|C100|0|1|V0000088584|55|00|006|346770|35231010394422000142550060003467701085604840|26102023|26102023|55674|2|0|0|55674|9|0|0|0|0|0|0|0|0|0|0|0|0|
|C110|000012||
|C110|000032||
|C170|1|E71499-100|WRD P-9-W-E-_9-80_-BO-FPG2_-6-1-__-__-N|900|PÇ|55674|0|0|040|1901|1901/AA|0|0|0|0|0|0|0|01||0|0|0|98|0|0|0|0|0|98|0|0|0|0|0||0|
|C190|040|1901|0|55674|0|0|0|0|0|0||
|C100|0|1|V0000088584|55|00|006|346771|35231010394422000142550060003467711087203166|26102023|26102023|55674|2|0|0|55674|9|0|0|0|0|0|0|0|0|0|0|0|0|
|C110|000012||
|C110|000032||
|C170|1|E71500-100|WRD Q-9-W-E-_9-80_-BO-FPG2_-6-1-__-__-N|900|PÇ|55674|0|0|040|1901|1901/AA|0|0|0|0|0|0|0|01||0|0|0|98|0|0|0|0|0|98|0|0|0|0|0||0|
|C190|040|1901|0|55674|0|0|0|0|0|0||
|C100|0|1|V0000088584|55|00|006|346773|35231010394422000142550060003467731088503753|26102023|26102023|55674|2|0|0|55674|9|0|0|0|0|0|0|0|0|0|0|0|0|
|C110|000012||
|C110|000032||
|C170|1|E71430-100|WRD Q-9-W-E-_9-80_-BO-FPG2_-6-1-__-__-N|900|PÇ|55674|0|0|040|1901|1901/AA|0|0|0|0|0|0|0|01||0|0|0|98|0|0|0|0|0|98|0|0|0|0|0||0|
|C190|040|1901|0|55674|0|0|0|0|0|0||
|C100|1|0||55|02|006|11661|35231002258243000745550060000116611290719737|||||||||||||||||||||
|C100|1|0|C0000007343|55|00|006|11665|35231002258243000745550060000116651478364030|27102023|27102023|14015,52|1|0|0|14015,52|0|0|0|0|0|0|0|0|0|231,26|1065,18|0|0|
|C110|000002||
|C110|000003||
|C110|000004||
|C190|000|5920|0|14015,52|0|0|0|0|0|0||
|C100|1|0|C0000002543|55|00|006|11666|35231002258243000745550060000116661457466760|27102023|27102023|199963,79|1|0|0|199963,79|1|0|0|0|0|0|0|0|0|660,13|3040,6|0|0|
|C110|000022||
|C110|000023||
|C110|000013||
|C110|000014||
|C190|041|7101|0|199963,79|0|0|0|0|0|0||
|C100|1|0|C0000007343|55|00|006|11664|35231002258243000745550060000116641182537846|27102023|27102023|19455,36|1|0|0|19455,36|0|0|0|0|7578,24|1364,08|0|0|0|321,02|1478,6|0|0|
|C110|000002||
|C110|000005||
|C110|000006||
|C190|000|5125|18|7578,24|7578,24|1364,08|0|0|0|0||
|C190|050|5925|0|11877,12|0|0|0|0|0|0||
|C100|1|0|C0000007343|55|00|006|11662|35231002258243000745550060000116621873243205|27102023|27102023|19328,64|1|0|0|19328,64|0|0|0|0|7451,52|1341,28|0|0|0|318,94|1468,98|0|0|
|C110|000002||
|C110|000005||
|C110|000006||
|C190|000|5125|18|7451,52|7451,52|1341,28|0|0|0|0||
|C190|050|5925|0|11877,12|0|0|0|0|0|0||
|C100|1|0|C0000007343|55|00|006|11663|35231002258243000745550060000116631485374199|27102023|27102023|14015,52|1|0|0|14015,52|0|0|0|0|0|0|0|0|0|231,26|1065,18|0|0|
|C110|000002||
|C110|000003||
|C110|000004||
|C190|000|5920|0|14015,52|0|0|0|0|0|0||
|C100|1|0|C0000006733|55|00|006|11668|35231002258243000745550060000116681442071867|27102023|27102023|68017,9|0|0|0|68017,9|1|0|0|0|68017,9|8162,56|0|0|0|1122,3|5169,36|0|0|
|C110|000007||
|C110|000002||
|C110|000008||
|C110|000009||
|C110|000010||
|C110|000011||
|C190|551|5101|18|68017,9|68017,9|8162,56|0|0|0|0||
|C100|1|0|C0000006733|55|00|006|11667|35231002258243000745550060000116671855580781|27102023|27102023|9021,84|0|0|0|9021,84|1|0|0|0|0|0|0|0|0|148,86|685,66|0|0|
|C110|000002||
|C110|000006||
|C110|000013||
|C110|000014||
|C190|000|5920|0|9021,84|0|0|0|0|0|0||
|C100|1|0|C0000006733|55|00|006|11669|35231002258243000745550060000116691878450722|27102023|27102023|9021,84|0|0|0|9021,84|1|0|0|0|0|0|0|0|0|148,86|685,66|0|0|
|C110|000002||
|C110|000006||
|C110|000013||
|C110|000014||
|C190|000|5920|0|9021,84|0|0|0|0|0|0||
|C100|1|0|C0000006733|55|00|006|11670|35231002258243000745550060000116701611678761|27102023|27102023|68017,9|0|0|0|68017,9|1|0|0|0|68017,9|8162,56|0|0|0|1122,3|5169,36|0|0|
|C110|000007||
|C110|000002||
|C110|000008||
|C110|000009||
|C110|000010||
|C110|000011||
|C190|551|5101|18|68017,9|68017,9|8162,56|0|0|0|0||
|C100|0|1|V0000044990|55|00|001|67321|35231064999527000154550010000673211254178003|27102023|27102023|17066,76|2|0|0|17066,76|1|0|0|0|0|0|0|0|0|0|0|0|0|
|C110|000012||
|C113|1|0|V0000044990|55|6||10917|24072023|35230702258243000745550060000109171088349068|
|C110|000002||
|C170|1|G13543-000|Chapa 1,00- 650,0-NBR 7008 ZEE grau 1-N|77,288|KG|679,93|0|0|040|1903|1903/AA|0|0|0|0|0|0|0|05||0|0|0|98|0|0|0|0|0|98|0|0|0|0|0||0|
|C170|2|G13543-000|Chapa 1,00- 650,0-NBR 7008 ZEE grau 1-N|14,306|KG|125,85|0|0|040|1903|1903/AA|0|0|0|0|0|0|0|05||0|0|0|98|0|0|0|0|0|98|0|0|0|0|0||0|
|C170|3|G13543-000|Chapa 1,00- 650,0-NBR 7008 ZEE grau 1-N|1848,406|KG|16260,98|0|0|040|1903|1903/AA|0|0|0|0|0|0|0|05||0|0|0|98|0|0|0|0|0|98|0|0|0|0|0||0|
|C190|040|1903|0|17066,76|0|0|0|0|0|0||
|C195|000009|Devolução NF 000010917-6,24/07/2023|
|C195|000002|110|
|C100|1|0|C0000002543|55|00|006|11671|35231002258243000745550060000116711700894300|27102023|27102023|391058,37|1|0|0|391058,37|1|0|0|0|0|0|0|0|0|1289,07|5937,54|0|0|
|C110|000024||
|C110|000023||
|C110|000013||
|C110|000014||
|C190|041|7101|0|391058,37|0|0|0|0|0|0||
|C100|0|1|V0000012504|55|00|005|699663|35231059104760000353550050006996631007192781|27102023|28102023|27756,38|2|0|0|27756,38|9|0|0|0|0|0|0|0|0|0|0|0|0|
|C110|000012||
|C110|000002||
|C170|1|P01618-000|KTL TOY-FEST-M-KU-DGR- 400- 600- 340|40|PÇ|8108,8|0|0|040|1920|1920/AA|0|0|0|0|0|0|0|05||0|0|0|98|0|0|0|0|0|98|0|0|0|0|0||0|
|C170|2|P01617-000|KTL TOY-FEST-M-KU-DGR- 400- 600- 450|64|PÇ|16113,92|0|0|040|1920|1920/AA|0|0|0|0|0|0|0|05||0|0|0|98|0|0|0|0|0|98|0|0|0|0|0||0|
|C170|3|P03558-000|VHM TOY-DECK-M-KU-SWA-1.200- 800- 2|13|PÇ|1428,44|0|0|040|1920|1920/AA|0|0|0|0|0|0|0|05||0|0|0|98|0|0|0|0|0|98|0|0|0|0|0||0|
|C170|4|P00410-000|GLT TOY-PALE-M-KU-SWA-1.200- 800- 50|13|PÇ|2105,22|0|0|040|1920|1920/AA|0|0|0|0|0|0|0|05||0|0|0|98|0|0|0|0|0|98|0|0|0|0|0||0|
|C190|040|1920|0|27756,38|0|0|0|0|0|0||
|C100|0|1|V0000012504|55|00|005|699489|35231059104760000353550050006994891007191047|26102023|28102023|28875,78|2|0|0|28875,78|9|0|0|0|0|0|0|0|0|0|0|0|0|
|C110|000012||
|C110|000002||
|C170|1|P01618-000|KTL TOY-FEST-M-KU-DGR- 400- 600- 340|56|PÇ|11352,32|0|0|040|1920|1920/AA|0|0|0|0|0|0|0|05||0|0|0|98|0|0|0|0|0|98|0|0|0|0|0||0|
|C170|2|P01617-000|KTL TOY-FEST-M-KU-DGR- 400- 600- 450|56|PÇ|14099,68|0|0|040|1920|1920/AA|0|0|0|0|0|0|0|05||0|0|0|98|0|0|0|0|0|98|0|0|0|0|0||0|
|C170|3|P03558-000|VHM TOY-DECK-M-KU-SWA-1.200- 800- 2|13|PÇ|1318,56|0|0|040|1920|1920/AA|0|0|0|0|0|0|0|05||0|0|0|98|0|0|0|0|0|98|0|0|0|0|0||0|
|C170|4|P00410-000|GLT TOY-PALE-M-KU-SWA-1.200- 800- 50|13|PÇ|2105,22|0|0|040|1920|1920/AA|0|0|0|0|0|0|0|05||0|0|0|98|0|0|0|0|0|98|0|0|0|0|0||0|
|C190|040|1920|0|28875,78|0|0|0|0|0|0||
|C100|0|1|V0000012504|55|00|005|699574|35231059104760000353550050006995741007191899|26102023|28102023|28064,9|2|0|0|28064,9|9|0|0|0|0|0|0|0|0|0|0|0|0|
|C110|000012||
|C110|000002||
|C170|1|P01618-000|KTL TOY-FEST-M-KU-DGR- 400- 600- 340|52|PÇ|10541,44|0|0|040|1920|1920/AA|0|0|0|0|0|0|0|05||0|0|0|98|0|0|0|0|0|98|0|0|0|0|0||0|
|C170|2|P01617-000|KTL TOY-FEST-M-KU-DGR- 400- 600- 450|56|PÇ|14099,68|0|0|040|1920|1920/AA|0|0|0|0|0|0|0|05||0|0|0|98|0|0|0|0|0|98|0|0|0|0|0||0|
|C170|3|P03558-000|VHM TOY-DECK-M-KU-SWA-1.200- 800- 2|12|PÇ|1318,56|0|0|040|1920|1920/AA|0|0|0|0|0|0|0|05||0|0|0|98|0|0|0|0|0|98|0|0|0|0|0||0|
|C170|4|P00410-000|GLT TOY-PALE-M-KU-SWA-1.200- 800- 50|13|PÇ|2105,22|0|0|040|1920|1920/AA|0|0|0|0|0|0|0|05||0|0|0|98|0|0|0|0|0|98|0|0|0|0|0||0|
|C190|040|1920|0|28064,9|0|0|0|0|0|0||
|C100|0|1|V0000089798|55|00|001|300776|31231025170937000136550010003007761906267747|26102023|28102023|25036,76|2|0|0|25036,76|1|0|0|0|0|0|0|0|0|0|0|0|0|
|C110|000012||
|C110|000002||
|C170|1|P04608-000|GLT BRO-WELL-E-PA-BEI-1.200-1.000- 600|4|PÇ|864,76|0|0|140|2921|2921/AA|0|0|0|0|0|0|0|05||0|0|0|98|0|0|0|0|0|98|0|0|0|0|0||0|
|C170|2|P04609-000|GLT BRO-WELL-E-PA-BEI-1.120- 960- 690|59|PÇ|10561|0|0|040|2921|2921/AA|0|0|0|0|0|0|0|05||0|0|0|98|0|0|0|0|0|98|0|0|0|0|0||0|
|C170|3|304718-000|GLT BRO-KLBE-M-KU-GRA-1.200-1.000- 990|8|PÇ|7200|0|0|040|2921|2921/AA|0|0|0|0|0|0|0|05||0|0|0|98|0|0|0|0|0|98|0|0|0|0|0||0|
|C170|4|P04609-000|GLT BRO-WELL-E-PA-BEI-1.120- 960- 690|9|PÇ|1611|0|0|040|2921|2921/AA|0|0|0|0|0|0|0|05||0|0|0|98|0|0|0|0|0|98|0|0|0|0|0||0|
|C170|5|P03908-000|VHM BRO-SPAI-M-KU-BLA- 925-1.110- 790|4|PÇ|1200|0|0|040|2921|2921/AA|0|0|0|0|0|0|0|05||0|0|0|98|0|0|0|0|0|98|0|0|0|0|0||0|
|C170|6|P03908-000|VHM BRO-SPAI-M-KU-BLA- 925-1.110- 790|12|PÇ|3600|0|0|040|2921|2921/AA|0|0|0|0|0|0|0|05||0|0|0|98|0|0|0|0|0|98|0|0|0|0|0||0|
|C190|040|2921|0|24172|0|0|0|0|0|0||
|C190|140|2921|0|864,76|0|0|0|0|0|0||
|C100|1|0|C0000007343|55|00|006|11673|35231002258243000745550060000116731779612603|28102023|28102023|56062,08|1|0|0|56062,08|0|0|0|0|0|0|0|0|0|925,02|4260,72|0|0|
|C110|000002||
|C110|000003||
|C110|000004||
|C190|000|5920|0|56062,08|0|0|0|0|0|0||
|C100|1|0|C0000007343|55|00|006|11672|35231002258243000745550060000116721575337364|28102023|28102023|77568|1|0|0|77568|0|0|0|0|30059,52|5410,7|0|0|0|1279,86|5895,18|0|0|
|C110|000002||
|C110|000005||
|C110|000006||
|C190|000|5125|18|30059,52|30059,52|5410,7|0|0|0|0||
|C190|050|5925|0|47508,48|0|0|0|0|0|0||
|C100|1|0|C0000006733|55|00|006|11674|35231002258243000745550060000116741667339767|28102023|28102023|70975,2|0|0|0|70975,2|1|0|0|0|70975,2|8517,44|0|0|0|1171,1|5394,12|0|0|
|C110|000007||
|C110|000002||
|C110|000008||
|C110|000009||
|C110|000010||
|C110|000011||
|C190|551|5101|18|70975,2|70975,2|8517,44|0|0|0|0||
|C100|1|0|C0000006733|55|00|006|11675|35231002258243000745550060000116751633116932|28102023|28102023|70975,2|0|0|0|70975,2|1|0|0|0|70975,2|8517,44|0|0|0|1171,1|5394,12|0|0|
|C110|000007||
|C110|000002||
|C110|000008||
|C110|000009||
|C110|000010||
|C110|000011||
|C190|551|5101|18|70975,2|70975,2|8517,44|0|0|0|0||
|C100|1|0|C0000006733|55|00|006|11677|35231002258243000745550060000116771978226117|28102023|28102023|9021,84|0|0|0|9021,84|1|0|0|0|0|0|0|0|0|148,86|685,66|0|0|
|C110|000002||
|C110|000006||
|C110|000013||
|C110|000014||
|C190|000|5920|0|9021,84|0|0|0|0|0|0||
|C100|1|0|C0000006733|55|00|006|11676|35231002258243000745550060000116761899672540|28102023|28102023|9021,84|0|0|0|9021,84|1|0|0|0|0|0|0|0|0|148,86|685,66|0|0|
|C110|000002||
|C110|000006||
|C110|000013||
|C110|000014||
|C190|000|5920|0|9021,84|0|0|0|0|0|0||
|C100|1|0|C0000002777|55|00|006|11678|35231002258243000745550060000116781582005405|28102023|28102023|11680|1|0|0|11680|1|0|0|0|0|0|0|0|0|192,72|887,68|0|0|
|C110|000006||
|C110|000013||
|C110|000014||
|C190|000|5920|0|11680|0|0|0|0|0|0||
|C100|1|0|C0008001108|55|00|006|11679|35231002258243000745550060000116791062083190|30102023|30102023|39956|1|0|0|39956|0|0|0|0|0|0|0|0|0|659,27|3036,66|0|0|
|C110|000022||
|C110|000023||
|C110|000013||
|C110|000014||
|C190|041|5501|0|39956|0|0|0|0|0|0||
|C100|0|1|B00310001|55|00|002|326844|41231002258243000150550020003268441740253565|27102023|30102023|8872,5|2|0|0|8872,5|0|0|0|0|8872,5|1064,7|0|0|0|0|0|0|0|
|C110|000002||
|C170|1|E71036-101|Cabo Bowden FH FH-S_-OFFEN-SUV__|7800|PÇ|8872,5|0|0|000|2151|2151/AA|8872,5|12|1064,7|0|0|0|0|05||0|0|0|98|0|0|0|0|0|98|0|0|0|0|0||0|
|C190|000|2151|12|8872,5|8872,5|1064,7|0|0|0|0||
|C100|0|1|B00310001|55|00|002|326840|41231002258243000150550020003268401076596789|27102023|30102023|242798,97|2|0|0|242798,97|0|0|0|0|242798,97|9711,96|0|0|0|0|0|0|0|
|C110|000002||
|C170|1|C48015-100|Flapperdoor KL-N_-M-USE|16800|PÇ|9717,75|0|0|200|2151|2151/AA|9717,75|4|388,71|0|0|0|0|05||0|0|0|98|0|0|0|0|0|98|0|0|0|0|0||0|
|C170|2|E96458-102|Barra de guia FH FH-R_-SE-___KSP-P375_-N|900|PÇ|7553,16|0|0|200|2151|2151/AA|7553,16|4|302,13|0|0|0|0|05||0|0|0|98|0|0|0|0|0|98|0|0|0|0|0||0|
|C170|3|E96460-102|Barra de guia FH FH-L_-SE-___KSP-P703_-N|900|PÇ|7579,31|0|0|200|2151|2151/AA|7579,31|4|303,17|0|0|0|0|05||0|0|0|98|0|0|0|0|0|98|0|0|0|0|0||0|
|C170|4|E96462-102|Barra de guia FH FH-R_-SE-___KSP-P703_-N|450|PÇ|3966,71|0|0|200|2151|2151/AA|3966,71|4|158,67|0|0|0|0|05||0|0|0|98|0|0|0|0|0|98|0|0|0|0|0||0|
|C170|5|E96464-102|Barra de guia FH FH-L_-SE-___KSP-P703_-N|450|PÇ|3966,71|0|0|200|2151|2151/AA|3966,71|4|158,67|0|0|0|0|05||0|0|0|98|0|0|0|0|0|98|0|0|0|0|0||0|
|C170|6|G07255-100|Vedação KL-N_----SON-P703_-N|1500|PÇ|15032,5|0|0|200|2151|2151/AA|15032,5|4|601,3|0|0|0|0|05||0|0|0|98|0|0|0|0|0|98|0|0|0|0|0||0|
|C170|7|C83899-101|Flapperdoor KL-N_-M-USE|10240|PÇ|3057,06|0|0|200|2151|2151/AA|3057,06|4|122,28|0|0|0|0|05||0|0|0|98|0|0|0|0|0|98|0|0|0|0|0||0|
|C170|8|G25440-100|ASM Motor KL-ECA-BBL2___-. 8-138-P375_-N|792|PÇ|191925,77|0|0|200|2151|2151/AA|191925,77|4|7677,03|0|0|0|0|05||0|0|0|98|0|0|0|0|0|98|0|0|0|0|0||0|
|C190|200|2151|4|242798,97|242798,97|9711,96|0|0|0|0||
|C100|0|1|B00310001|55|00|002|326841|41231002258243000150550020003268411457295633|27102023|30102023|339,58|2|0|0|339,58|0|0|0|0|339,58|13,58|0|0|0|0|0|0|0|
|C110|000002||
|C170|1|964500-100|Encosto FH-S_-FLA-SONST-FUEGEN-M-USE-N|5000|PÇ|339,58|0|0|200|2151|2151/AA|339,58|4|13,58|0|0|0|0|05||0|0|0|98|0|0|0|0|0|98|0|0|0|0|0||0|
|C190|200|2151|4|339,58|339,58|13,58|0|0|0|0||
|C100|0|1|B00310001|55|00|002|326842|41231002258243000150550020003268421199322959|27102023|30102023|12599,85|2|0|0|12599,85|0|0|0|0|12599,85|1511,98|0|0|0|0|0|0|0|
|C110|000002||
|C170|1|E35576-102|Cabo Bowden FH FH-R_-1TEIL-360B_|5900|PÇ|12599,85|0|0|000|2151|2151/AA|12599,85|12|1511,98|0|0|0|0|05||0|0|0|98|0|0|0|0|0|98|0|0|0|0|0||0|
|C190|000|2151|12|12599,85|12599,85|1511,98|0|0|0|0||
|C100|0|1|B00310001|55|00|002|326839|41231002258243000150550020003268391340441550|27102023|30102023|113365,42|2|0|0|113365,42|0|0|0|0|113365,42|4534,62|0|0|0|0|0|0|0|
|C110|000002||
|C170|1|995687-105|Perno roscado FH-S_-M__6-013__-E87__-N|36000|PÇ|14865|0|0|200|2151|2151/AA|14865|4|594,6|0|0|0|0|05||0|0|0|98|0|0|0|0|0|98|0|0|0|0|0||0|
|C170|2|C04714-100|Perno roscado FH-S_-M__6-EINPR-M-USE-N|12000|PÇ|2371,25|0|0|200|2151|2151/AA|2371,25|4|94,85|0|0|0|0|05||0|0|0|98|0|0|0|0|0|98|0|0|0|0|0||0|
|C170|3|C86146-100|CANTONEIRA FIXA FH FH-R_-160B_|1900|PÇ|6727,78|0|0|200|2151|2151/AA|6727,78|4|269,11|0|0|0|0|05||0|0|0|98|0|0|0|0|0|98|0|0|0|0|0||0|
|C170|4|C86161-103|ASM RSL FH-L_-VO-A_S-ADP-160B_|2375|PÇ|12053,13|0|0|200|2151|2151/AA|12053,13|4|482,13|0|0|0|0|05||0|0|0|98|0|0|0|0|0|98|0|0|0|0|0||0|
|C170|5|C86162-103|ASM RSL FH-R_-VO-A_S-ADP-160B_|2375|PÇ|11853,73|0|0|200|2151|2151/AA|11853,73|4|474,15|0|0|0|0|05||0|0|0|98|0|0|0|0|0|98|0|0|0|0|0||0|
|C170|6|C86163-107|ASM RSL FH-L_-HI-C_S-ADP-160B_|2375|PÇ|11987,07|0|0|200|2151|2151/AA|11987,07|4|479,48|0|0|0|0|05||0|0|0|98|0|0|0|0|0|98|0|0|0|0|0||0|
|C170|7|C86164-107|ASM RSL FH-R_-HI-C_S-ADP-160B_|2375|PÇ|11984,1|0|0|200|2151|2151/AA|11984,1|4|479,36|0|0|0|0|05||0|0|0|98|0|0|0|0|0|98|0|0|0|0|0||0|
|C170|8|C86165-100|CANTONEIRA FIXA FH FH-L_-160B_|8145|PÇ|17878,27|0|0|200|2151|2151/AA|17878,27|4|715,13|0|0|0|0|05||0|0|0|98|0|0|0|0|0|98|0|0|0|0|0||0|
|C170|9|G30129-100|Parafuso TP50____-RHT- 40,00-IP25-FH-N|25600|PÇ|10026,67|0|0|200|2151|2151/AA|10026,67|4|401,07|0|0|0|0|05||0|0|0|98|0|0|0|0|0|98|0|0|0|0|0||0|
|C170|10|C67298-100|Fan KL-EC-510-.10-W213_|264|PÇ|13618,42|0|0|200|2151|2151/AA|13618,42|4|544,74|0|0|0|0|05||0|0|0|98|0|0|0|0|0|98|0|0|0|0|0||0|
|C190|200|2151|4|113365,42|113365,42|4534,62|0|0|0|0|000001|
|C195|000001|Consumo|
|C100|0|1|B00310001|55|00|002|326843|41231002258243000150550020003268431493307551|27102023|30102023|7477,84|2|0|0|7477,84|0|0|0|0|7477,84|897,34|0|0|0|0|0|0|0|
|C110|000002||
|C170|1|E71031-101|Cabo Bowden FH FH-S_-OFFEN-SUV__|7500|PÇ|7477,84|0|0|000|2151|2151/AA|7477,84|12|897,34|0|0|0|0|05||0|0|0|98|0|0|0|0|0|98|0|0|0|0|0||0|
|C190|000|2151|12|7477,84|7477,84|897,34|0|0|0|0||
|C100|0|1|V0000004598|55|00|002|326845|41231002258243000150550020003268451616836330|27102023|30102023|1830|2|0|0|1830|9|0|0|0|0|0|0|0|0|0|0|0|0|
|C110|000012||
|C110|000002||
|C170|1|P01113-000|Caixa Plástica CN-6415|40|PÇ|1400|0|0|040|2920|2920/AA|0|0|0|0|0|0|0|05||0|0|0|98|0|0|0|0|0|98|0|0|0|0|0||0|
|C170|2|3044FI-000|VHM TOY-DECK-M-KU-BLA-1.230-1.03|3|PÇ|270|0|0|040|2920|2920/AA|0|0|0|0|0|0|0|05||0|0|0|98|0|0|0|0|0|98|0|0|0|0|0||0|
|C170|3|304408-000|KTL BRO-CVDA-M-KU-BLA- 300- 200- 148|16|PÇ|160|0|0|040|2920|2920/AA|0|0|0|0|0|0|0|05||0|0|0|98|0|0|0|0|0|98|0|0|0|0|0||0|
|C190|040|2920|0|1830|0|0|0|0|0|0||
|C195|000004|Ativo Fixo|
|C100|0|1|B0000310001|55|00|002|326862|41231002258243000150550020003268621338107400|27102023|30102023|285,4|2|0|0|285,4|9|0|0|0|0|0|0|0|0|0|0|0|0|
|C110|000025||
|C110|000026||
|C110|000027||
|C170|1|M20231027|Kit de caixa e colmeia MQB|10|PÇ|285,4|0|0|090|2557|2557/AA|0|0|0|0|0|0|0|49||0|0|0|07|0|0|0|0|0|07|0|0|0|0|0||0|
|C190|090|2557|0|285,4|0|0|0|0|0|0|000001|
|C195|000001|Consumo|
|C100|0|1|B0000310001|55|00|002|326823|41231002258243000150550020003268231735482683|26102023|30102023|4820|2|0|0|4820|9|0|0|0|0|0|0|0|0|0|0|0|0|
|C110|000025||
|C110|000026||
|C110|000027||
|C170|1|M20231028|8603214 Laptop HP EiteBook 840 G6|1|PÇ|4560|0|0|090|2552|2552/AA|0|0|0|0|0|0|0|49||0|0|0|07|0|0|0|0|0|07|0|0|0|0|0||0|
|C170|2|M20231029|Fonte externa 45W para Laptop HP|1|PÇ|260|0|0|090|2557|2557/AA|0|0|0|0|0|0|0|49||0|0|0|07|0|0|0|0|0|07|0|0|0|0|0||0|
|C190|090|2552|0|4560|0|0|0|0|0|0|000004|
|C190|090|2557|0|260|0|0|0|0|0|0|000001|
|C195|000004|Ativo Fixo|
|C195|000001|Consumo|
|C100|0|1|V0000012504|55|00|005|699740|35231059104760000353550050006997401007193550|27102023|30102023|23874,48|2|0|0|23874,48|9|0|0|0|0|0|0|0|0|0|0|0|0|
|C110|000012||
|C110|000002||
|C170|1|P01618-000|KTL TOY-FEST-M-KU-DGR- 400- 600- 340|52|PÇ|10541,44|0|0|040|1920|1920/AA|0|0|0|0|0|0|0|05||0|0|0|98|0|0|0|0|0|98|0|0|0|0|0||0|
|C170|2|P01617-000|KTL TOY-FEST-M-KU-DGR- 400- 600- 450|40|PÇ|10071,2|0|0|040|1920|1920/AA|0|0|0|0|0|0|0|05||0|0|0|98|0|0|0|0|0|98|0|0|0|0|0||0|
|C170|3|P03558-000|VHM TOY-DECK-M-KU-SWA-1.200- 800- 2|12|PÇ|1318,56|0|0|040|1920|1920/AA|0|0|0|0|0|0|0|05||0|0|0|98|0|0|0|0|0|98|0|0|0|0|0||0|
|C170|4|P00410-000|GLT TOY-PALE-M-KU-SWA-1.200- 800- 50|12|PÇ|1943,28|0|0|040|1920|1920/AA|0|0|0|0|0|0|0|05||0|0|0|98|0|0|0|0|0|98|0|0|0|0|0||0|
|C190|040|1920|0|23874,48|0|0|0|0|0|0||
|C100|1|0|C0000006733|55|00|006|11467|35231002258243000745550060000114671685657931|02102023|02102023|72676,8|0|0|0|72676,8|1|0|0|0|72676,8|8721,66|0|0|0|1199,18|5523,44|0|0|
|C110|000007||
|C110|000002||
|C110|000008||
|C110|000009||
|C110|000010||
|C110|000011||
|C190|551|5101|18|72676,8|72676,8|8721,66|0|0|0|0||
|C100|1|0|C0000006733|55|00|006|11468|35231002258243000745550060000114681464557010|02102023|02102023|77202,3|0|0|0|77202,3|1|0|0|0|77202,3|9264,72|0|0|0|1273,84|5867,38|0|0|
|C110|000007||
|C110|000002||
|C110|000008||
|C110|000009||
|C110|000010||
|C110|000011||
|C190|551|5101|18|77202,3|77202,3|9264,72|0|0|0|0||
|C100|1|0|C0000006733|55|00|006|11469|35231002258243000745550060000114691151563840|02102023|02102023|13532,76|0|0|0|13532,76|1|0|0|0|0|0|0|0|0|223,29|1028,49|0|0|
|C110|000002||
|C110|000006||
|C110|000013||
|C110|000014||
|C190|000|5920|0|13532,76|0|0|0|0|0|0||
|C100|0|1|V0007004798|55|00|001|2713|35231042885266000109550010000027131076328488|24102023|30102023|906,12|1|0|0|906,12|0|0|0|0|0|0|0|0|0|0|0|0|0|
|C110|000025||
|C170|1|M20231030|LUVA SS1007 - TAM 8|36|PÇ|906,12|0|0|090|1556|1556/AA|0|0|0|0|0|0|0|49||0|0|0|98|0|0|0|0|0|98|0|0|0|0|0|0000080800|0|
|C190|090|1556|0|906,12|0|0|0|0|0|0|000001|
|C195|000001|Consumo|
|C100|1|0|C0008001303|55|00|006|11680|35231002258243000745550060000116801564386980|30102023|30102023|35800|1|0|0|35800|1|0|0|0|0|0|0|0|0|590,7|2720,8|0|0|
|C110|000012||
|C110|000002||
|C110|000026||
|C110|000027||
|C190|040|6920|0|35800|0|0|0|0|0|0||
|C100|0|1|V0001000016|55|00|001|676503|35230943054261000105550010006765031876015907|29092023|30102023|18852,82|1|0|0|17177,97|0|0|0|0|17177,97|3092,03|0|0|1674,85|283,44|1305,53|0|0|
|C110|000017||
|C110|000018||
|C170|1|109784-000|Graxa 010.1--KLÜBERSYN._LR44-21_-N|100|KG|17177,97|0|0|000|1101|1101/AA|17177,97|18|3092,03|0|0|0|0|00||17177,97|9,75|1674,85|56|17177,97|1,65|0|0|283,44|56|17177,97|7,6|0|0|1305,53|0000080800|0|
|C190|000|1101|18|18852,82|17177,97|3092,03|0|0|0|1674,85||
|C100|0|1|V0000072143|55|00|003|9464|35231018476245000155550030000094641470518084|09102023|30102023|141,4|0|0|0|141,4|0|0|0|0|0|0|0|0|0|0|0|0|0|
|C110|000025||
|C170|1|M20231031|Coffee visita 27.09|1|CDA|141,4|0|0|090|1556|1556/AA|0|0|0|0|0|0|0|49||0|0|0|98|0|0|0|0|0|98|0|0|0|0|0|0000066600|0|
|C190|090|1556|0|141,4|0|0|0|0|0|0|000001|
|C195|000001|Consumo|
|C100|0|1|V0000072143|55|00|003|9463|35231018476245000155550030000094631817866685|09102023|30102023|72,03|0|0|0|72,03|0|0|0|0|0|0|0|0|0|0|0|0|0|
|C110|000025||
|C170|1|M20231032|Coffee Cliente VW|1|CDA|72,03|0|0|090|1556|1556/AA|0|0|0|0|0|0|0|49||0|0|0|98|0|0|0|0|0|98|0|0|0|0|0|0000066600|0|
|C190|090|1556|0|72,03|0|0|0|0|0|0|000001|
|C195|000001|Consumo|
|C100|0|1|V0001000257|55|00|003|14395|41231077765840000170550030000143951347825505|19102023|30102023|565,85|0|0|0|565,85|0|0|0|0|0|0|0|0|0|8,43|38,78|0|0|
|C110|000025||
|C170|1|M20231033|CANETA RETROPROJETOR 2.0 AZUL PILOT|50|PÇ|174,63|0|0|090|2556|2556/AA|0|0|0|0|0|0|0|49||0|0|0|98|0|1,65|0|0|2,54|98|0|7,6|0|0|11,68|0000080800|0|
|C170|2|M20231034|CANETA QUADRO BRANCO PRETA WBM-7 PILOT|5|PÇ|36,35|0|0|090|2556|2556/AA|0|0|0|0|0|0|0|49||0|0|0|98|0|1,65|0|0|0,53|98|0|7,6|0|0|2,43|0000080800|0|
|C170|3|M20231035|CANETA QUADRO BRANCO AZUL WBM-7 PILOT|5|PÇ|36,35|0|0|090|2556|2556/AA|0|0|0|0|0|0|0|49||0|0|0|98|0|1,65|0|0|0,53|98|0|7,6|0|0|2,43|0000080800|0|
|C170|4|M20231036|REFIL PARA PLASTIFICACAO 220 X 307MM 0,0|1|PÇ|135,49|0|0|090|2556|2556/AA|0|0|0|0|0|0|0|49||0|0|0|98|0|1,65|0|0|2,15|98|0|7,6|0|0|9,89|0000080800|0|
|C170|5|M20231037|ETIQUETA LASER/JET A4 367 288,5x200,0 PI|1|PÇ|75|0|0|090|2556|2556/AA|0|0|0|0|0|0|0|49||0|0|0|98|0|1,65|0|0|1,09|98|0|7,6|0|0|5,02|0000080800|0|
|C170|6|M20231038|PINCEL ESCOLAR 473 REDONDO CURTO 10 COND|5|PÇ|17,88|0|0|090|2556|2556/AA|0|0|0|0|0|0|0|49||0|0|0|98|0|1,65|0|0|0,28|98|0|7,6|0|0|1,3|0000080800|0|
|C170|7|M20231039|FITA ADESIVA DUPLA FACE 24mm X 2m FIXA F|5|PÇ|90,15|0|0|090|2556|2556/AA|0|0|0|0|0|0|0|49||0|0|0|98|0|1,65|0|0|1,31|98|0|7,6|0|0|6,03|0000080800|0|
|C190|090|2556|0|565,85|0|0|0|0|0|0|000001|
|C195|000001|Consumo|
|C195|000010|Dif. Aliq.:10,48|
|C195|000011|Dif. Aliq.:2,18|
|C195|000012|Dif. Aliq.:2,18|
|C195|000013|Dif. Aliq.:18,97|
|C195|000014|Dif. Aliq.:4,50|
|C195|000015|Dif. Aliq.:2,50|
|C195|000016|Dif. Aliq.:5,41|
|C100|1|0|C0008001108|55|06|006|11681|35231002258243000745550060000116811777120888|30102023|30102023|474552,54|1|0|0|474552,54|0|0|0|0|0|0|0|0|0|0|0|0|0|
|C110|000046||
|C113|1|0|C0008001108|55|6||9990|14032023|35230302258243000745550060000099901709832777|
|C110|000047||
|C110|000048||
|C110|000049||
|C110|000022||
|C110|000023||
|C110|000013||
|C110|000014||
|C190|041|5501|0|474552,54|0|0|0|0|0|0||
|C195|000017|NF Complementar a NF 000009990-6,14/03/2023|
|C100|1|0|B00310001|55|00|006|11682|35231002258243000745550060000116821754666776|31102023|31102023|33365,11|2|0|0|33365,11|1|0|0|0|33365,11|4003,81|0|0|0|0|0|0|0|
|C110|000002||
|C110|000013||
|C110|000014||
|C190|000|6151|12|33365,11|33365,11|4003,81|0|0|0|0||
|C100|1|0|B00310001|55|00|006|11683|35231002258243000745550060000116831074452873|31102023|31102023|33517,16|2|0|0|33517,16|1|0|0|0|33517,16|4022,06|0|0|0|0|0|0|0|
|C110|000002||
|C110|000013||
|C110|000014||
|C190|000|6151|12|33517,16|33517,16|4022,06|0|0|0|0||
|C100|0|1|V0000012504|55|00|005|699830|35231059104760000353550050006998301007194458|30102023|31102023|27243,24|2|0|0|27243,24|9|0|0|0|0|0|0|0|0|0|0|0|0|
|C110|000012||
|C110|000002||
|C170|1|P01618-000|KTL TOY-FEST-M-KU-DGR- 400- 600- 340|56|PÇ|11352,32|0|0|040|1920|1920/AA|0|0|0|0|0|0|0|05||0|0|0|98|0|0|0|0|0|98|0|0|0|0|0||0|
|C170|2|P01617-000|KTL TOY-FEST-M-KU-DGR- 400- 600- 450|48|PÇ|12085,44|0|0|040|1920|1920/AA|0|0|0|0|0|0|0|05||0|0|0|98|0|0|0|0|0|98|0|0|0|0|0||0|
|C170|3|P03558-000|VHM TOY-DECK-M-KU-SWA-1.200- 800- 2|14|PÇ|1538,32|0|0|040|1920|1920/AA|0|0|0|0|0|0|0|05||0|0|0|98|0|0|0|0|0|98|0|0|0|0|0||0|
|C170|4|P00410-000|GLT TOY-PALE-M-KU-SWA-1.200- 800- 50|14|PÇ|2267,16|0|0|040|1920|1920/AA|0|0|0|0|0|0|0|05||0|0|0|98|0|0|0|0|0|98|0|0|0|0|0||0|
|C190|040|1920|0|27243,24|0|0|0|0|0|0||
|C100|0|1|V0000012504|55|00|005|699890|35231059104760000353550050006998901007195053|30102023|31102023|25964,3|2|0|0|25964,3|9|0|0|0|0|0|0|0|0|0|0|0|0|
|C110|000012||
|C110|000002||
|C170|1|P01618-000|KTL TOY-FEST-M-KU-DGR- 400- 600- 340|56|PÇ|11352,32|0|0|040|1920|1920/AA|0|0|0|0|0|0|0|05||0|0|0|98|0|0|0|0|0|98|0|0|0|0|0||0|
|C170|2|P01617-000|KTL TOY-FEST-M-KU-DGR- 400- 600- 450|44|PÇ|11078,32|0|0|040|1920|1920/AA|0|0|0|0|0|0|0|05||0|0|0|98|0|0|0|0|0|98|0|0|0|0|0||0|
|C170|3|P03558-000|VHM TOY-DECK-M-KU-SWA-1.200- 800- 2|13|PÇ|1428,44|0|0|040|1920|1920/AA|0|0|0|0|0|0|0|05||0|0|0|98|0|0|0|0|0|98|0|0|0|0|0||0|
|C170|4|P00410-000|GLT TOY-PALE-M-KU-SWA-1.200- 800- 50|13|PÇ|2105,22|0|0|040|1920|1920/AA|0|0|0|0|0|0|0|05||0|0|0|98|0|0|0|0|0|98|0|0|0|0|0||0|
|C190|040|1920|0|25964,3|0|0|0|0|0|0||
|C100|0|1|V0007003707|55|00|000|10221|35231059905042000114550000000102211000123604|09102023|31102023|3008,28|1|0|0|3008,28|0|0|0|0|0|0|0|0|0|0|0|0|0|
|C110|000025||
|C170|1|M20231040|PERFIL DE ALUMINIO N Ø 28 L=4000mm|5|CDA|675|0|0|090|1556|1556/AA|0|0|0|0|0|0|0|49||0|0|0|98|0|0|0|0|0|98|0|0|0|0|0|0000080800|0|
|C170|2|M20231041|CAPA DE FECHAMENTO INTERNO DE PLASTICO|50|CDA|99|0|0|090|1556|1556/AA|0|0|0|0|0|0|0|49||0|0|0|98|0|0|0|0|0|98|0|0|0|0|0|0000080800|0|
|C170|3|M20231042|CONECTOR MULTI EXTERNO DE ALUMINIO A|10|CDA|183,5|0|0|090|1556|1556/AA|0|0|0|0|0|0|0|49||0|0|0|98|0|0|0|0|0|98|0|0|0|0|0|0000080800|0|
|C170|4|M20231043|CONECTOR ARTICULAVEL LIVRE INT. V-M ALUM|3|CDA|130,89|0|0|090|1556|1556/AA|0|0|0|0|0|0|0|49||0|0|0|98|0|0|0|0|0|98|0|0|0|0|0|0000080800|0|
|C170|5|M20231044|SUPORTE PARA MOLA TIPO 2|2|CDA|61,12|0|0|090|1556|1556/AA|0|0|0|0|0|0|0|49||0|0|0|98|0|0|0|0|0|98|0|0|0|0|0|0000080800|0|
|C170|6|M20231045|TRAVA DO TRILHO ROLETADO EM INOX|3|CDA|249,72|0|0|090|1556|1556/AA|0|0|0|0|0|0|0|49||0|0|0|98|0|0|0|0|0|98|0|0|0|0|0|0000080800|0|
|C170|7|M20231046|MOLA DE TRAÇÃO PESADA S|2|CDA|13,06|0|0|090|1556|1556/AA|0|0|0|0|0|0|0|49||0|0|0|98|0|0|0|0|0|98|0|0|0|0|0|0000080800|0|
|C170|8|M20231047|CONECTOR MULTIPLO EXTERNO LISO ALUMINIO|1|CDA|46,55|0|0|090|1556|1556/AA|0|0|0|0|0|0|0|49||0|0|0|98|0|0|0|0|0|98|0|0|0|0|0|0000080800|0|
|C170|9|M20231048|SUPORTE PARA MOLA TIPO 2|4|CDA|122,24|0|0|090|1556|1556/AA|0|0|0|0|0|0|0|49||0|0|0|98|0|0|0|0|0|98|0|0|0|0|0|0000080800|0|
|C170|10|M20231049|MOLA DE TRAÇÃO MÉDIA S|4|CDA|21,12|0|0|090|1556|1556/AA|0|0|0|0|0|0|0|49||0|0|0|98|0|0|0|0|0|98|0|0|0|0|0|0000080800|0|
|C170|11|M20231050|CAPA DE FECHAMENTO EXTERNO DE PLASTICO|10|CDA|50,8|0|0|090|1556|1556/AA|0|0|0|0|0|0|0|49||0|0|0|98|0|0|0|0|0|98|0|0|0|0|0|0000080800|0|
|C170|12|M20231051|CONECTOR CRUZADO DE ALUMINIO A|15|CDA|227,42|0|0|090|1556|1556/AA|0|0|0|0|0|0|0|49||0|0|0|98|0|0|0|0|0|98|0|0|0|0|0|0000080800|0|
|C170|13|M20231052|BUCHA DE DESLIZAMENTO G 55MM DE ALUMINIO|2|CDA|107,59|0|0|090|1556|1556/AA|0|0|0|0|0|0|0|49||0|0|0|98|0|0|0|0|0|98|0|0|0|0|0|0000080800|0|
|C170|14|M20231053|CONECTOR MULTI INTERNO DE ALUMINIO A|8|CDA|138,24|0|0|090|1556|1556/AA|0|0|0|0|0|0|0|49||0|0|0|98|0|0|0|0|0|98|0|0|0|0|0|0000080800|0|
|C170|15|M20231054|CONECTOR MULTI INT. R ALUM. (GIRATORIO)|8|CDA|255,36|0|0|090|1556|1556/AA|0|0|0|0|0|0|0|49||0|0|0|98|0|0|0|0|0|98|0|0|0|0|0|0000080800|0|
|C170|16|M20231055|CONECTOR ANTI ESCAPE DE FERRO|3|CDA|181,77|0|0|090|1556|1556/AA|0|0|0|0|0|0|0|49||0|0|0|98|0|0|0|0|0|98|0|0|0|0|0|0000080800|0|
|C170|17|M20231056|PERFIL DE ALUMINIO REFORÇADO T L=4000mm|1|CDA|327,92|0|0|090|1556|1556/AA|0|0|0|0|0|0|0|49||0|0|0|98|0|0|0|0|0|98|0|0|0|0|0|0000080800|0|
|C170|18|M20231057|SUPORTE DE FIXACAO DE ALUM. PARA TRILHO|2|CDA|45,74|0|0|090|1556|1556/AA|0|0|0|0|0|0|0|49||0|0|0|98|0|0|0|0|0|98|0|0|0|0|0|0000080800|0|
|C170|19|M20231058|CONECTOR DE UNIAO DE ALUMINIO|4|CDA|71,24|0|0|090|1556|1556/AA|0|0|0|0|0|0|0|49||0|0|0|98|0|0|0|0|0|98|0|0|0|0|0|0000080800|0|
|C190|090|1556|0|3008,28|0|0|0|0|0|0|000001|
|C195|000001|Consumo|
|C100|0|1|V0001000016|55|00|001|677286|35231043054261000105550010006772861494393407|11102023|31102023|9426,43|1|0|0|8589|0|0|0|0|8588,99|1546,02|0|0|837,43|141,72|652,76|0|0|
|C110|000017||
|C110|000018||
|C170|1|109784-000|Graxa 010.1--KLÜBERSYN._LR44-21_-N|50|KG|8589|0|0|000|1101|1101/AA|8588,99|18|1546,02|0|0|0|0|00||8588,99|9,75|837,43|56|8589|1,65|0|0|141,72|56|8589|7,6|0|0|652,76|0000080800|0|
|C190|000|1101|18|9426,43|8588,99|1546,02|0|0|0|837,43||
|C100|0|1|V0000088391|55|00|001|5706|35231020838307000173550010000057061542866403|19102023|31102023|1195,2|1|0|0|1195,2|0|0|0|0|0|0|0|0|0|0|0|0|0|
|C110|000025||
|C170|1|M20231059|LUVA ANTI CORTE CUT SMART TAM 6|24|CDA|597,6|0|0|090|1556|1556/AA|0|0|0|0|0|0|0|49||0|0|0|98|0|0|0|0|0|98|0|0|0|0|0|0000080800|0|
|C170|2|M20231060|LUVA ANTI-CORTE COM BANHO 7|24|CDA|597,6|0|0|090|1556|1556/AA|0|0|0|0|0|0|0|49||0|0|0|98|0|0|0|0|0|98|0|0|0|0|0|0000080800|0|
|C190|090|1556|0|1195,2|0|0|0|0|0|0|000001|
|C195|000001|Consumo|
|C100|0|1|V0007006938|55|00|001|39766|35231052702990000707550010000397661813280378|18102023|31102023|1065,95|1|0|0|1065,95|0|0|0|0|0|0|0|0|0|14,42|66,43|0|0|
|C110|000025||
|C170|1|000000002222380531|Sensor, induc. BES M08EE-PSC15B-S49G-003|3|PÇ|1065,95|0|0|290|1556|1556/AA|0|0|0|0|0|0|0|49||0|0|0|98|0|1,65|0|0|14,42|98|0|7,6|0|0|66,43|0000080800|0|
|C190|290|1556|0|1065,95|0|0|0|0|0|0|000001|
|C195|000001|Consumo|
|C100|0|1|V0000043544|55|00|001|381727|35230942365296000860550010003817271819146463|29092023|31102023|6781,63|0|0|0|6781,63|0|0|0|0|0|0|0|0|0|0|0|0|0|
|C110|000025||
|C170|1|M20231062|PARAFUSO|10|CDA|118,2|0|0|090|1556|1556/AA|0|0|0|0|0|0|0|49||0|0|0|98|0|0|0|0|0|98|0|0|0|0|0|0000080800|0|
|C170|2|M20231063|ARRUELA|10|CDA|5,8|0|0|090|1556|1556/AA|0|0|0|0|0|0|0|49||0|0|0|98|0|0|0|0|0|98|0|0|0|0|0|0000080800|0|
|C170|3|M20231064|CONTROLADOR (RECONDICIONADO)|1|CDA|6657,63|0|0|090|1556|1556/AA|0|0|0|0|0|0|0|49||0|0|0|98|0|0|0|0|0|98|0|0|0|0|0|0000080800|0|
|C190|090|1556|0|6781,63|0|0|0|0|0|0|000001|
|C195|000001|Consumo|
|C100|0|1|V0000086361|55|00|003|5880|42231021404906000141550030000058801287934296|18102023|31102023|5105,1|1|0|0|5105,1|0|0|0|0|5105,11|204,2|0|0|0|84,23|387,99|0|0|
|C110|000002||
|C110|000017||
|C110|000018||
|C170|1|980610-100|Graxa 003.1--BESLUX_PLEX_778A___-_|50|KG|5105,1|0|0|100|2101|2101/AA|5105,11|4|204,2|0|0|0|0|05||0|0|0|56|5105,1|1,65|0|0|84,23|56|5105,1|7,6|0|0|387,99|0000080800|0|
|C190|100|2101|4|5105,1|5105,11|204,2|0|0|0|0||
|C100|0|1|V0000048415|55|00|005|494973|41231043375930000132550050004949731426690410|25102023|31102023|376848|1|0|0|376848|1|0|0|0|376848,02|15073,92|0|0|0|6218|28640,44|0|0|
|C110|000002||
|C110|000017||
|C110|000018||
|C170|1|E17699-100|WRD Q-A-W-E-10-90_-AS-WR19_-E-1-360B_-N|960|PÇ|75369,6|0|0|000|2101|2101/AA|75369,61|4|3014,78|0|0|0|0|05||0|0|0|56|75369,6|1,65|0|0|1243,6|56|75369,6|7,6|0|0|5728,09|0000080800|0|
|C170|2|E17690-100|WRD P-A-W-E-10-90_-AS-WR19_-E-1-360B_-N|1440|PÇ|113054,4|0|0|000|2101|2101/AA|113054,4|4|4522,18|0|0|0|0|05||0|0|0|56|113054,4|1,65|0|0|1865,4|56|113054,4|7,6|0|0|8592,13|0000080800|0|
|C170|3|E17701-100|WRD Q-A-W-E-10-90_-AS-WR19_-E-1-360B_-N|960|PÇ|75369,6|0|0|000|2101|2101/AA|75369,61|4|3014,78|0|0|0|0|05||0|0|0|56|75369,6|1,65|0|0|1243,6|56|75369,6|7,6|0|0|5728,09|0000080800|0|
|C170|4|E17700-100|WRD P-A-W-E-10-90_-AS-WR19_-E-1-360B_-N|1440|PÇ|113054,4|0|0|000|2101|2101/AA|113054,4|4|4522,18|0|0|0|0|05||0|0|0|56|113054,4|1,65|0|0|1865,4|56|113054,4|7,6|0|0|8592,13|0000080800|0|
|C190|000|2101|4|376848|376848,02|15073,92|0|0|0|0||
|C100|0|1|V0000087565|55|00|001|3711|41231034904448000151550010000037111004367482|20102023|31102023|8835,01|1|0|0|8835,01|0|0|0|0|8835,01|1060,2|0|0|0|145,78|671,46|0|0|
|C110|000002||
|C110|000017||
|C110|000018||
|C170|1|M20231015|CONJUNTO CAC FORD|50|PÇ|8835,01|0|0|000|2101|2101/AA|8835,01|12|1060,2|0|0|0|0|05||0|0|0|56|8835,01|1,65|0|0|145,78|56|8835,01|7,6|0|0|671,46|0000080800|0|
|C190|000|2101|12|8835,01|8835,01|1060,2|0|0|0|0||
|C100|0|1|V0000087565|55|00|001|3710|41231034904448000151550010000037101005344055|20102023|31102023|7167,21|1|0|0|7167,21|0|0|0|0|7167,21|860,07|0|0|0|118,26|544,71|0|0|
|C110|000002||
|C110|000017||
|C110|000018||
|C170|1|M2023103|CONJUNTO P073 - FORD - 9pc por conjunto|40|PÇ|7167,21|0|0|000|2101|2101/AA|7167,21|12|860,07|0|0|0|0|05||0|0|0|56|7167,21|1,65|0|0|118,26|56|7167,21|7,6|0|0|544,71|0000080800|0|
|C190|000|2101|12|7167,21|7167,21|860,07|0|0|0|0||
|C100|0|1|V0000087565|55|00|001|3744|41231034904448000151550010000037441007845238|25102023|31102023|8959|1|0|0|8959|0|0|0|0|8959|1075,08|0|0|0|147,82|680,88|0|0|
|C110|000002||
|C110|000017||
|C110|000018||
|C170|1|M2023103|CONJUNTO P073 - FORD - 9pc por conjunto|50|PÇ|8959|0|0|000|2101|2101/AA|8959|12|1075,08|0|0|0|0|05||0|0|0|56|8959|1,65|0|0|147,82|56|8959|7,6|0|0|680,88|0000080800|0|
|C190|000|2101|12|8959|8959|1075,08|0|0|0|0||
|C100|0|1|V0000087565|55|00|001|3745|41231034904448000151550010000037451009146210|25102023|31102023|8959|1|0|0|8959|0|0|0|0|8959|1075,08|0|0|0|147,82|680,88|0|0|
|C110|000002||
|C110|000017||
|C110|000018||
|C170|1|M2023103|CONJUNTO P073 - FORD - 9pc por conjunto|50|PÇ|8959|0|0|000|2101|2101/AA|8959|12|1075,08|0|0|0|0|05||0|0|0|56|8959|1,65|0|0|147,82|56|8959|7,6|0|0|680,88|0000080800|0|
|C190|000|2101|12|8959|8959|1075,08|0|0|0|0||
|C100|0|1|V0000089798|55|00|001|300775|31231025170937000136550010003007751427653453|26102023|31102023|56995,71|1|0|0|56995,71|1|0|0|0|56995,71|6839,48|0|0|0|940,43|4331,67|0|0|
|C110|000002||
|C110|000017||
|C110|000018||
|C170|1|G26425-100|Shroud KL-EC-EIN-. 8-P703_|400|PÇ|5494,6|0|0|000|2101|2101/AA|5494,6|12|659,35|0|0|0|0|05||0|0|0|56|5494,6|1,65|0|0|90,66|56|5494,6|7,6|0|0|417,59|0000080800|0|
|C170|2|G25442-101|Fan KL-EC-530-. 8-U375_|320|PÇ|9284,26|0|0|000|2101|2101/AA|9284,26|12|1114,11|0|0|0|0|05||0|0|0|56|9284,26|1,65|0|0|153,19|56|9284,26|7,6|0|0|705,6|0000080800|0|
|C170|3|G25949-102|Shroud KL-EC-EIN-. 8-P703_|680|PÇ|42216,85|0|0|000|2101|2101/AA|42216,85|12|5066,02|0|0|0|0|05||0|0|0|56|42216,85|1,65|0|0|696,58|56|42216,85|7,6|0|0|3208,48|0000080800|0|
|C190|000|2101|12|56995,71|56995,71|6839,48|0|0|0|0||
|C100|0|1|V0007009127|55|00|001|612|35231044446090000114550010000006121000027783|26102023|31102023|8250|1|0|0|8250|0|0|0|0|0|0|0|0|0|0|0|0|0|
|C110|000025||
|C170|1|M20231065|LUMINÁRIA TFX HB48 150W|10|CDA|8250|0|0|090|1556|1556/AA|0|0|0|0|0|0|0|49||0|0|0|98|0|0|0|0|0|98|0|0|0|0|0|0000080800|0|
|C190|090|1556|0|8250|0|0|0|0|0|0|000001|
|C195|000001|Consumo|
|C100|1|0|C0008001108|55|06|006|11685|35231002258243000745550060000116851443266069|31102023|31102023|604|1|0|0|604|0|0|0|0|0|0|0|0|0|9,97|45,9|0|0|
|C110|000022||
|C113|1|0|C0008001108|55|6||9954|08032023|35230302258243000745550060000099541162788992|
|C110|000023||
|C110|000013||
|C110|000014||
|C190|041|5501|0|604|0|0|0|0|0|0||
|C195|000018|NF Complementar a NF 000009954-6,08/03/2023|
|C100|1|0|C0008001108|55|06|006|11684|35231002258243000745550060000116841266169050|31102023|31102023|737|1|0|0|737|0|0|0|0|737|132,66|0|0|0|12,16|56,01|0|0|
|C110|000002||
|C113|1|0|C0008001108|55|6||9597|20122022|35221202258243000745550060000095971531387082|
|C110|000013||
|C110|000014||
|C190|000|5501|18|737|737|132,66|0|0|0|0||
|C195|000019|NF Complementar a NF 000009597-6,20/12/2022|
|C100|1|0|C0008001108|55|06|006|11686|35231002258243000745550060000116861248929710|31102023|31102023|604|1|0|0|604|0|0|0|0|0|0|0|0|0|9,97|45,9|0|0|
|C110|000022||
|C113|1|0|C0008001108|55|6||9990|14032023|35230302258243000745550060000099901709832777|
|C110|000023||
|C110|000013||
|C110|000014||
|C190|041|5501|0|604|0|0|0|0|0|0||
|C195|000017|NF Complementar a NF 000009990-6,14/03/2023|
|C100|1|0|C0000006733|55|00|006|11688|35231002258243000745550060000116881702806589|31102023|31102023|18277,5|0|0|0|18277,5|1|0|0|0|18277,5|2193,41|0|0|0|301,58|1389,09|0|0|
|C110|000007||
|C110|000002||
|C110|000010||
|C190|551|5101|18|18277,5|18277,5|2193,41|0|0|0|0||
|C100|1|0|C0000006733|55|00|006|11687|35231002258243000745550060000116871234516270|31102023|31102023|18277,5|0|0|0|18277,5|1|0|0|0|18277,5|2193,41|0|0|0|301,58|1389,09|0|0|
|C110|000007||
|C110|000002||
|C110|000010||
|C190|551|5101|18|18277,5|18277,5|2193,41|0|0|0|0||
|C100|1|0|C0000006733|55|00|006|11689|35231002258243000745550060000116891127787916|31102023|31102023|10525,48|0|0|0|10525,48|1|0|0|0|0|0|0|0|0|173,67|799,93|0|0|
|C110|000002||
|C110|000006||
|C110|000013||
|C110|000014||
|C190|000|5920|0|10525,48|0|0|0|0|0|0||
|C100|1|0|C0000006733|55|00|006|11690|35231002258243000745550060000116901588384534|31102023|31102023|10525,48|0|0|0|10525,48|1|0|0|0|0|0|0|0|0|173,67|799,93|0|0|
|C110|000002||
|C110|000006||
|C110|000013||
|C110|000014||
|C190|000|5920|0|10525,48|0|0|0|0|0|0||
|C100|1|0|C0000007343|55|00|006|11691|35231002258243000745550060000116911673263913|31102023|31102023|58239,36|1|0|0|58239,36|0|0|0|0|22608|4069,43|0|0|0|960,94|4426,2|0|0|
|C110|000002||
|C110|000005||
|C110|000006||
|C190|000|5125|18|22608|22608|4069,43|0|0|0|0||
|C190|050|5925|0|35631,36|0|0|0|0|0|0||
|C100|1|0|C0000007343|55|00|006|11692|35231002258243000745550060000116921332053509|31102023|31102023|42046,56|1|0|0|42046,56|0|0|0|0|0|0|0|0|0|693,77|3195,54|0|0|
|C110|000002||
|C110|000003||
|C110|000004||
|C190|000|5920|0|42046,56|0|0|0|0|0|0||
|C100|1|0|C0000007343|55|00|006|11694|35231002258243000745550060000116941477280837|31102023|31102023|14015,52|1|0|0|14015,52|0|0|0|0|0|0|0|0|0|231,26|1065,18|0|0|
|C110|000002||
|C110|000003||
|C110|000004||
|C190|000|5920|0|14015,52|0|0|0|0|0|0||
|C100|1|0|C0000007343|55|00|006|11693|35231002258243000745550060000116931858412103|31102023|31102023|20463,36|1|0|0|20463,36|0|0|0|0|8586,24|1545,52|0|0|0|337,64|1555,21|0|0|
|C110|000002||
|C110|000005||
|C110|000006||
|C190|000|5125|18|8586,24|8586,24|1545,52|0|0|0|0||
|C190|050|5925|0|11877,12|0|0|0|0|0|0||
|C100|1|0|C0000006733|55|00|006|11696|35231102258243000745550060000116961814985308|31102023|31102023|55655|0|0|0|55655|1|0|0|0|55655|6678,93|0|0|0|918,3|4229,79|0|0|
|C110|000007||
|C110|000002||
|C110|000008||
|C110|000009||
|C110|000011||
|C190|551|5101|18|55655|55655|6678,93|0|0|0|0||
|C100|1|0|C0000006733|55|00|006|11695|35231102258243000745550060000116951955802962|31102023|31102023|55655|0|0|0|55655|1|0|0|0|55655|6678,93|0|0|0|918,3|4229,79|0|0|
|C110|000007||
|C110|000002||
|C110|000008||
|C110|000009||
|C110|000011||
|C190|551|5101|18|55655|55655|6678,93|0|0|0|0||
|C100|1|0|B0000310001|55|00|006|11478|35231002258243000745550060000114781248179637|03102023|03102023|5|2|0|0|5|9|0|0|0|0|0|0|0|0|0|0|0|0|
|C110|000025||
|C110|000026||
|C110|000027||
|C190|090|6557|0|5|0|0|0|0|0|0||
|C100|1|0|B0000310001|55|00|006|11476|35231002258243000745550060000114761484721771|02102023|02102023|80|2|0|0|80|9|0|0|0|0|0|0|0|0|0|0|0|0|
|C110|000025||
|C110|000026||
|C110|000027||
|C190|090|6557|0|80|0|0|0|0|0|0||
|C500|0|1|V0000072850|06|00|||04|708888|01102023|31102023|13494,45|0|13494,45|0|0|0|15397,16|1385,75|0|0||222,66|1025,58|3|05||||||||||||||
|C590|000|1252|18|13494,45|7698,58|1385,75|0|0|0||
|C990|3164|
|D001|0|
|D100|0|1|V0000087457|57|00|000||233860|41230982270711000817570000002338601296558970|13092023|04102023|0||9727,07|0|9|9727,07|0|0|0|000015||4125506|3140704|
|D190|040|2352|0|9727,07|0|0|0|000001|
|D195|000001|Consumo|
|D100|0|1|V0007007933|57|00|001||4988|35230917353801000648570010000049881249838933|12092023|04102023|0||1120|0|9|1120|1120|134,4|0|000016||3525201|3552502|
|D190|000|1352|12|1120|1120|134,4|0|000001|
|D195|000001|Consumo|
|D100|0|1|V0007007933|57|00|001||4165|35230717353801000648570010000041651117742127|10072023|04102023|0||1173,75|0|9|1173,75|1173,75|140,85|0|000016||3518800|3525201|
|D190|000|1352|12|1173,75|1173,75|140,85|0|000001|
|D195|000001|Consumo|
|D100|0|1|V0007007933|57|00|001||4175|35230717353801000648570010000041751681590230|10072023|04102023|0||100,3|0|9|100,3|100,3|12,04|0|000016||3518800|3525201|
|D190|000|1352|12|100,3|100,3|12,04|0|000001|
|D195|000001|Consumo|
|D100|0|1|V0007007933|57|00|001||4176|35230717353801000648570010000041761998730360|10072023|04102023|0||30|0|9|30|0|0|0|000015||3518800|3525201|
|D190|040|1352|0|30|0|0|0|000001|
|D195|000001|Consumo|
|D100|0|1|V0007007933|57|00|001||4178|35230717353801000648570010000041781554896740|10072023|04102023|0||300,07|0|9|300,07|0|0|0|000015||3518800|3525201|
|D190|040|1352|0|300,07|0|0|0|000001|
|D195|000001|Consumo|
|D100|0|1|V0007007933|57|00|001||4179|35230717353801000648570010000041791244001008|10072023|04102023|0||1546,67|0|9|1546,67|1546,67|185,6|0|000016||3518800|3525201|
|D190|000|1352|12|1546,67|1546,67|185,6|0|000001|
|D195|000001|Consumo|
|D100|0|1|V0007007933|57|00|001||4183|35230717353801000648570010000041831159510257|11072023|04102023|0||67,84|0|9|67,84|67,84|8,14|0|000016||3525201|3518800|
|D190|000|1352|12|67,84|67,84|8,14|0|000001|
|D195|000001|Consumo|
|D100|0|1|V0007007933|57|00|001||4184|35230717353801000648570010000041841382311509|11072023|04102023|0||118,98|0|9|118,98|118,98|14,28|0|000016||3525201|3518800|
|D190|000|1352|12|118,98|118,98|14,28|0|000001|
|D195|000001|Consumo|
|D100|0|1|V0007007933|57|00|001||4185|35230717353801000648570010000041851394937227|11072023|04102023|0||5,45|0|9|5,45|0|0|0|000015||3525201|3518800|
|D190|040|1352|0|5,45|0|0|0|000001|
|D195|000001|Consumo|
|D100|0|1|V0007007933|57|00|001||4186|35230717353801000648570010000041861765337971|11072023|04102023|0||11,25|0|9|11,25|0|0|0|000015||3525201|3518800|
|D190|040|1352|0|11,25|0|0|0|000001|
|D195|000001|Consumo|
|D100|0|1|V0007007933|57|00|001||4187|35230717353801000648570010000041871513757086|12072023|04102023|0||1977,05|0|9|1977,05|0|0|0|000015||3518800|3525201|
|D190|040|1352|0|1977,05|0|0|0|000001|
|D195|000001|Consumo|
|D100|0|1|V0007007933|57|00|001||4203|35230717353801000648570010000042031241528770|13072023|04102023|0||19,56|0|9|19,56|0|0|0|000015||3518800|3513801|
|D190|040|1352|0|19,56|0|0|0|000001|
|D195|000001|Consumo|
|D100|0|1|V0007007933|57|00|001||4209|35230717353801000648570010000042091252430908|13072023|04102023|0||254,76|0|9|254,76|0|0|0|000015||3513801|3518800|
|D190|040|1352|0|254,76|0|0|0|000001|
|D195|000001|Consumo|
|D100|0|1|V0007009169|57|00|001||2158|31230717353801000303570010000021581884924327|11072023|04102023|0||6129,77|0|9|6129,77|0|0|0|000015||3140704|3525201|
|D190|040|2352|0|6129,77|0|0|0|000001|
|D195|000001|Consumo|
|D100|0|1|V0007009169|57|00|001||2165|31230717353801000303570010000021651450873018|13072023|04102023|0||6129,77|0|9|6129,77|0|0|0|000015||3140704|3525201|
|D190|040|2352|0|6129,77|0|0|0|000001|
|D195|000001|Consumo|
|D100|0|1|V0000087457|57|00|000||234261|41230982270711000817570000002342611041413550|20092023|04102023|0||9727,07|0|9|9727,07|0|0|0|000015||4125506|3140704|
|D190|040|2352|0|9727,07|0|0|0|000001|
|D195|000001|Consumo|
|D100|0|1|V0007007933|57|00|001||5090|35230917353801000648570010000050901556468150|19092023|04102023|0||1120|0|9|1120|1120|134,4|0|000016||3525201|3552502|
|D190|000|1352|12|1120|1120|134,4|0|000001|
|D195|000001|Consumo|
|D100|0|1|V0000051292|57|00|020||163327|35230952548435012266570200001633271001633271|19092023|04102023|0||1475,94|0|9|1475,94|1475,94|177,11|0|000016||3525201|3538709|
|D190|000|1352|12|1475,94|1475,94|177,11|0|000001|
|D195|000001|Consumo|
|D100|0|1|V0000051292|57|00|020||163360|35230952548435012266570200001633601001633608|19092023|04102023|0||1497,83|0|9|1497,83|1497,83|179,74|0|000016||3525201|3538709|
|D190|000|1352|12|1497,83|1497,83|179,74|0|000001|
|D195|000001|Consumo|
|D100|0|1|V0000051292|57|00|020||163387|35230952548435012266570200001633871001633873|19092023|04102023|0||1496,73|0|9|1496,73|1496,73|179,61|0|000016||3525201|3538709|
|D190|000|1352|12|1496,73|1496,73|179,61|0|000001|
|D195|000001|Consumo|
|D100|0|1|V0000051292|57|00|020||163416|35230952548435012266570200001634161001634164|19092023|04102023|0||710,5|0|9|710,5|710,5|85,26|0|000016||3525201|3538709|
|D190|000|1352|12|710,5|710,5|85,26|0|000001|
|D195|000001|Consumo|
|D100|0|1|V0000051292|57|00|020||163417|35230952548435012266570200001634171001634170|19092023|04102023|0||710,5|0|9|710,5|710,5|85,26|0|000016||3525201|3538709|
|D190|000|1352|12|710,5|710,5|85,26|0|000001|
|D195|000001|Consumo|
|D100|0|1|V0000051292|57|00|020||163616|35230952548435012266570200001636161001636168|20092023|04102023|0||1466,33|0|9|1466,33|1466,33|175,96|0|000016||3525201|3538709|
|D190|000|1352|12|1466,33|1466,33|175,96|0|000001|
|D195|000001|Consumo|
|D100|0|1|V0000051292|57|00|020||164048|35230952548435012266570200001640481001640489|21092023|04102023|0||713,07|0|9|713,07|713,07|85,57|0|000016||3525201|3538709|
|D190|000|1352|12|713,07|713,07|85,57|0|000001|
|D195|000001|Consumo|
|D100|0|1|V0000051292|57|00|020||164049|35230952548435012266570200001640491001640494|21092023|04102023|0||713,07|0|9|713,07|713,07|85,57|0|000016||3525201|3538709|
|D190|000|1352|12|713,07|713,07|85,57|0|000001|
|D195|000001|Consumo|
|D100|0|1|V0000051292|57|00|020||163338|35230952548435012266570200001633381001633380|19092023|04102023|0||608,18|0|9|608,18|0|0|0|000015||3538709|3525201|
|D190|040|1352|0|608,18|0|0|0|000001|
|D195|000001|Consumo|
|D100|0|1|V0000051292|57|00|020||163380|35230952548435012266570200001633801001633805|19092023|04102023|0||616,15|0|9|616,15|0|0|0|000015||3538709|3525201|
|D190|040|1352|0|616,15|0|0|0|000001|
|D195|000001|Consumo|
|D100|0|1|V0000051292|57|00|020||163405|35230952548435012266570200001634051001634055|19092023|04102023|0||616,15|0|9|616,15|0|0|0|000015||3538709|3525201|
|D190|040|1352|0|616,15|0|0|0|000001|
|D195|000001|Consumo|
|D100|0|1|V0000051292|57|00|020||163430|35230952548435012266570200001634301001634309|19092023|04102023|0||616,15|0|9|616,15|0|0|0|000015||3538709|3525201|
|D190|040|1352|0|616,15|0|0|0|000001|
|D195|000001|Consumo|
|D100|0|1|V0000051292|57|00|020||163636|35230952548435012266570200001636361001636365|20092023|04102023|0||608,18|0|9|608,18|0|0|0|000015||3538709|3525201|
|D190|040|1352|0|608,18|0|0|0|000001|
|D195|000001|Consumo|
|D100|0|1|V0000051292|57|00|020||164234|35230952548435012266570200001642341001642347|22092023|04102023|0||643,83|0|9|643,83|643,83|77,26|0|000016||3538709|3525201|
|D190|000|1352|12|643,83|643,83|77,26|0|000001|
|D195|000001|Consumo|
|D100|0|1|V0000073047|57|00|000||45691|41230823787980000110570000000456911426175560|24082023|04102023|0||250|0|9|250|0|0|0|000015||4125506|4125506|
|D190|040|2352|0|250|0|0|0|000001|
|D195|000001|Consumo|
|D100|0|1|V0000086724|57|00|000||13974|41230914860531000169570000000139741000164070|26092023|11102023|0||1400|0|9|1400|0|0|0|000015||4125506|3525201|
|D190|040|2352|0|1400|0|0|0|000001|
|D195|000001|Consumo|
|D100|0|1|V0000087457|57|00|000||234622|41230982270711000817570000002346221371684615|26092023|11102023|0||9727,07|0|9|9727,07|0|0|0|000015||4125506|3140704|
|D190|040|2352|0|9727,07|0|0|0|000001|
|D195|000001|Consumo|
|D100|0|1|V0007007933|57|00|001||5214|35230917353801000648570010000052141883481302|26092023|11102023|0||1120|0|9|1120|1120|134,4|0|000016||3525201|3518800|
|D190|000|1352|12|1120|1120|134,4|0|000001|
|D195|000001|Consumo|
|D100|0|1|V0007007933|57|00|001||5221|35230917353801000648570010000052211588500304|26092023|11102023|0||0,03|0|9|0,03|0|0|0|000015||3525201|3518800|
|D190|040|1352|0|0,03|0|0|0|000001|
|D195|000001|Consumo|
|D100|0|1|V0000051292|57|00|020||165153|35230952548435012266570200001651531001651537|27092023|11102023|0||1612,89|0|9|1612,89|1612,89|193,55|0|000016||3525201|3538709|
|D190|000|1352|12|1612,89|1612,89|193,55|0|000001|
|D195|000001|Consumo|
|D100|0|1|V0000051292|57|00|020||165529|35230952548435012266570200001655291001655296|28092023|11102023|0||1581,91|0|9|1581,91|1581,91|189,83|0|000016||3525201|3538709|
|D190|000|1352|12|1581,91|1581,91|189,83|0|000001|
|D195|000001|Consumo|
|D100|0|1|V0000051292|57|00|020||165714|35230952548435012266570200001657141001657149|29092023|11102023|0||1551,61|0|9|1551,61|1551,61|186,19|0|000016||3525201|3538709|
|D190|000|1352|12|1551,61|1551,61|186,19|0|000001|
|D195|000001|Consumo|
|D100|0|1|V0000051292|57|00|020||165228|35230952548435012266570200001652281001652285|27092023|11102023|0||655,81|0|9|655,81|0|0|0|000015||3538709|3525201|
|D190|040|1352|0|655,81|0|0|0|000001|
|D195|000001|Consumo|
|D100|0|1|V0000051292|57|00|020||165544|35230952548435012266570200001655441001655446|28092023|11102023|0||647,85|0|9|647,85|0|0|0|000015||3538709|3525201|
|D190|040|1352|0|647,85|0|0|0|000001|
|D195|000001|Consumo|
|D100|0|1|V0000051292|57|00|020||165756|35230952548435012266570200001657561001657564|29092023|11102023|0||639,89|0|9|639,89|0|0|0|000015||3538709|3525201|
|D190|040|1352|0|639,89|0|0|0|000001|
|D195|000001|Consumo|
|D100|0|1|V0007009977|57|00|001||20486|31230836307730000268570010000204868000216317|15082023|11102023|0||4590|0|9|4590|0|0|0|000015||3140704|3525201|
|D190|040|2352|0|4590|0|0|0|000001|
|D195|000001|Consumo|
|D100|0|1|V0007009977|57|00|001||20487|31230836307730000268570010000204878000216322|15082023|11102023|0||1931,91|0|9|1931,91|0|0|0|000015||3140704|3525201|
|D190|040|2352|0|1931,91|0|0|0|000001|
|D195|000001|Consumo|
|D100|0|1|V0007009977|57|00|001||20506|31230836307730000268570010000205061000216489|17082023|11102023|0||2359,77|0|9|2359,77|0|0|0|000015||3140704|3525201|
|D190|040|2352|0|2359,77|0|0|0|000001|
|D195|000001|Consumo|
|D100|0|1|V0007009977|57|00|001||20553|31230836307730000268570010000205531000216985|19082023|11102023|0||4590|0|9|4590|0|0|0|000015||3140704|3525201|
|D190|040|2352|0|4590|0|0|0|000001|
|D195|000001|Consumo|
|D100|0|1|V0007009977|57|00|001||20554|31230836307730000268570010000205541000216990|19082023|11102023|0||1931,91|0|9|1931,91|0|0|0|000015||3140704|3525201|
|D190|040|2352|0|1931,91|0|0|0|000001|
|D195|000001|Consumo|
|D100|0|1|V0007009977|57|00|001||20600|31230836307730000268570010000206001000217495|22082023|11102023|0||1931,91|0|9|1931,91|0|0|0|000015||3140704|3525201|
|D190|040|2352|0|1931,91|0|0|0|000001|
|D195|000001|Consumo|
|D100|0|1|V0007009977|57|00|001||20601|31230836307730000268570010000206011000217506|22082023|11102023|0||4590|0|9|4590|0|0|0|000015||3140704|3525201|
|D190|040|2352|0|4590|0|0|0|000001|
|D195|000001|Consumo|
|D100|0|1|V0000087457|57|00|000||233037|41230882270711000817570000002330371333938941|30082023|11102023|0||4292,6|0|9|4292,6|4075,1|489,01|0|000016||4125506|3525201|
|D190|000|2352|12|4292,6|4075,1|489,01|0|000001|
|D195|000001|Consumo|
|D100|0|1|V0000087457|57|00|000||233355|41230982270711000817570000002333551379449143|04092023|11102023|0||1419,1|0|9|1419,1|1374,3|164,92|0|000016||4125506|3525201|
|D190|000|2352|12|1419,1|1374,3|164,92|0|000001|
|D195|000001|Consumo|
|D100|0|1|V0000087457|57|00|000||233356|41230982270711000817570000002333561317720703|04092023|11102023|0||2714,95|0|9|2714,95|0|0|0|000015||4125506|3525201|
|D190|040|2352|0|2714,95|0|0|0|000001|
|D195|000001|Consumo|
|D100|0|1|V0007007933|57|00|001||4267|35230717353801000648570010000042671448183982|18072023|11102023|0||711,99|0|9|711,99|711,99|85,44|0|000016||3518800|3525201|
|D190|000|1352|12|711,99|711,99|85,44|0|000001|
|D195|000001|Consumo|
|D100|0|1|V0007007933|57|00|001||4268|35230717353801000648570010000042681345451329|18072023|11102023|0||761,76|0|9|761,76|761,76|91,41|0|000016||3518800|3525201|
|D190|000|1352|12|761,76|761,76|91,41|0|000001|
|D195|000001|Consumo|
|D100|0|1|V0007007933|57|00|001||4271|35230717353801000648570010000042711463034669|18072023|11102023|0||0,01|0|9|0,01|0|0|0|000015||3525201|3518800|
|D190|040|1352|0|0,01|0|0|0|000001|
|D195|000001|Consumo|
|D100|0|1|V0007007933|57|00|001||4272|35230717353801000648570010000042721206858171|18072023|11102023|0||4,13|0|9|4,13|0|0|0|000015||3525201|3518800|
|D190|040|1352|0|4,13|0|0|0|000001|
|D195|000001|Consumo|
|D100|0|1|V0007007933|57|00|001||4273|35230717353801000648570010000042731242658710|18072023|11102023|0||63,7|0|9|63,7|63,7|7,64|0|000016||3525201|3518800|
|D190|000|1352|12|63,7|63,7|7,64|0|000001|
|D195|000001|Consumo|
|D100|0|1|V0007009169|57|00|001||2200|31230717353801000303570010000022001886175874|20072023|11102023|0||6129,77|0|9|6129,77|0|0|0|000015||3140704|3525201|
|D190|040|2352|0|6129,77|0|0|0|000001|
|D195|000001|Consumo|
|D100|0|1|V0007009169|57|00|001||2212|31230717353801000303570010000022121968667747|22072023|11102023|0||6129,77|0|9|6129,77|0|0|0|000015||3140704|3525201|
|D190|040|2352|0|6129,77|0|0|0|000001|
|D195|000001|Consumo|
|D100|0|1|V0007007933|57|00|001||4301|35230717353801000648570010000043011145565688|20072023|11102023|0||240,81|0|9|240,81|0|0|0|000015||3513801|3518800|
|D190|040|1352|0|240,81|0|0|0|000001|
|D195|000001|Consumo|
|D100|0|1|V0007007933|57|00|001||4357|35230717353801000648570010000043571960546133|25072023|11102023|0||907,31|0|9|907,31|907,31|108,88|0|000016||3518800|3525201|
|D190|000|1352|12|907,31|907,31|108,88|0|000001|
|D195|000001|Consumo|
|D100|0|1|V0007007933|57|00|001||4358|35230717353801000648570010000043581772068782|25072023|11102023|0||566,44|0|9|566,44|566,44|67,97|0|000016||3518800|3525201|
|D190|000|1352|12|566,44|566,44|67,97|0|000001|
|D195|000001|Consumo|
|D100|0|1|V0007007933|57|00|001||4361|35230717353801000648570010000043611303862821|25072023|11102023|0||54,85|0|9|54,85|54,85|6,58|0|000016||3525201|3518800|
|D190|000|1352|12|54,85|54,85|6,58|0|000001|
|D195|000001|Consumo|
|D100|0|1|V0007007933|57|00|001||4362|35230717353801000648570010000043621538610978|25072023|11102023|0||8,89|0|9|8,89|0|0|0|000015||3525201|3518800|
|D190|040|1352|0|8,89|0|0|0|000001|
|D195|000001|Consumo|
|D100|0|1|V0007007933|57|00|001||4363|35230717353801000648570010000043631732016374|25072023|11102023|0||4,1|0|9|4,1|0|0|0|000015||3525201|3518800|
|D190|040|1352|0|4,1|0|0|0|000001|
|D195|000001|Consumo|
|D100|0|1|V0007007933|57|00|001||4370|35230717353801000648570010000043701460873382|26072023|11102023|0||13,91|0|9|13,91|0|0|0|000015||3518800|3513801|
|D190|040|1352|0|13,91|0|0|0|000001|
|D195|000001|Consumo|
|D100|0|1|V0007007933|57|00|001||4381|35230717353801000648570010000043811892891050|26072023|11102023|0||11,82|0|9|11,82|11,82|1,42|0|000016||3518800|4125506|
|D190|000|1352|12|11,82|11,82|1,42|0|000001|
|D195|000001|Consumo|
|D100|0|1|V0007007933|57|00|001||4384|35230717353801000648570010000043841590302984|27072023|11102023|0||378,56|0|9|378,56|378,56|45,43|0|000016||3513801|3518800|
|D190|000|1352|12|378,56|378,56|45,43|0|000001|
|D195|000001|Consumo|
|D100|0|1|V0007007933|57|00|001||4409|35230717353801000648570010000044091863671482|28072023|11102023|0||548,48|0|9|548,48|548,48|65,82|0|000016||3518800|4125506|
|D190|000|1352|12|548,48|548,48|65,82|0|000001|
|D195|000001|Consumo|
|D100|0|1|V0000083809|57|00|001||36512|35230717353801000133570010000365121725529076|27072023|11102023|0||1380,23|0|9|1380,23|1380,23|165,63|0|000016||3525201|3518800|
|D190|000|1352|12|1380,23|1380,23|165,63|0|000001|
|D195|000001|Consumo|
|D100|0|1|V0007007400|57|00|001||2079|41230717353801000486570010000020791463366300|27072023|11102023|0||2876,55|0|9|2876,55|2876,55|345,19|0|000016||4125506|3518800|
|D190|000|2352|12|2876,55|2876,55|345,19|0|000001|
|D195|000001|Consumo|
|D100|0|1|V0007007400|57|00|001||2082|41230717353801000486570010000020821675850325|28072023|11102023|0||859,14|0|9|859,14|859,14|103,1|0|000016||4125506|3518800|
|D190|000|2352|12|859,14|859,14|103,1|0|000001|
|D195|000001|Consumo|
|D100|0|1|V0007009169|57|00|001||2228|31230717353801000303570010000022281347144477|27072023|11102023|0||6129,77|0|9|6129,77|6129,77|735,57|0|000016||3140704|3525201|
|D190|000|2352|12|6129,77|6129,77|735,57|0|000001|
|D195|000001|Consumo|
|D100|0|1|V0007009169|57|00|001||2222|31230717353801000303570010000022221992657485|25072023|11102023|0||6129,77|0|9|6129,77|6129,77|735,57|0|000016||3140704|3525201|
|D190|000|2352|12|6129,77|6129,77|735,57|0|000001|
|D195|000001|Consumo|
|D100|0|1|V0000083809|57|00|001||39067|35231017353801000133570010000390671775443681|04102023|24102023|0||1152|0|9|1152|0|0|0|000015||3518800|3525201|
|D190|040|1352|0|1152|0|0|0|000001|
|D195|000001|Consumo|
|D100|0|1|V0007007933|57|00|001||5311|35230917353801000648570010000053111975294987|30092023|24102023|0||620|0|9|620|0|0|0|000015||3518800|3525201|
|D190|040|1352|0|620|0|0|0|000001|
|D195|000001|Consumo|
|D100|0|1|V0007007933|57|00|001||5318|35231017353801000648570010000053181852836413|02102023|24102023|0||473,75|0|9|473,75|0|0|0|000015||3525201|3518800|
|D190|040|1352|0|473,75|0|0|0|000001|
|D195|000001|Consumo|
|D100|0|1|V0007007933|57|00|001||5370|35231017353801000648570010000053701178903190|05102023|24102023|0||620|0|9|620|0|0|0|000015||3525201|3548708|
|D190|040|1352|0|620|0|0|0|000001|
|D195|000001|Consumo|
|D100|0|1|V0007007933|57|00|001||4440|35230817353801000648570010000044401255179089|01082023|24102023|0||265,31|0|9|265,31|265,31|31,84|0|000016||3518800|3525201|
|D190|000|1352|12|265,31|265,31|31,84|0|000001|
|D195|000001|Consumo|
|D100|0|1|V0007007933|57|00|001||4484|35230817353801000648570010000044841917460938|03082023|24102023|0||17,11|0|9|17,11|17,11|2,05|0|000016||3525201|3518800|
|D190|000|1352|12|17,11|17,11|2,05|0|000001|
|D195|000001|Consumo|
|D100|0|1|V0007007933|57|00|001||4465|35230817353801000648570010000044651808203459|03082023|24102023|0||10,7|0|9|10,7|0|0|0|000015||3518800|3513801|
|D190|040|1352|0|10,7|0|0|0|000001|
|D195|000001|Consumo|
|D100|0|1|V0007007933|57|00|001||4469|35230817353801000648570010000044691904139072|03082023|24102023|0||136,09|0|9|136,09|0|0|0|000015||3513801|3518800|
|D190|040|1352|0|136,09|0|0|0|000001|
|D195|000001|Consumo|
|D100|0|1|V0007009169|57|00|001||2256|31230817353801000303570010000022561830957434|01082023|24102023|0||6129,77|0|9|6129,77|6129,77|735,57|0|000016||3140704|3525201|
|D190|000|2352|12|6129,77|6129,77|735,57|0|000001|
|D195|000001|Consumo|
|D100|0|1|V0007009169|57|00|001||2262|31230817353801000303570010000022621517265046|03082023|24102023|0||6129,77|0|9|6129,77|0|0|0|000015||3140704|3525201|
|D190|040|2352|0|6129,77|0|0|0|000001|
|D195|000001|Consumo|
|D100|0|1|V0007007933|57|00|001||4441|35230817353801000648570010000044411577558808|01082023|24102023|0||1485,26|0|9|1485,26|1485,26|178,23|0|000016||3518800|3525201|
|D190|000|1352|12|1485,26|1485,26|178,23|0|000001|
|D195|000001|Consumo|
|D100|0|1|V0007007933|57|00|001||4442|35230817353801000648570010000044421422387152|01082023|24102023|0||146,89|0|9|146,89|0|0|0|000015||3518800|3525201|
|D190|040|1352|0|146,89|0|0|0|000001|
|D195|000001|Consumo|
|D100|0|1|V0007007933|57|00|001||4443|35230817353801000648570010000044431206661320|01082023|24102023|0||79,6|0|9|79,6|0|0|0|000015||3518800|3525201|
|D190|040|1352|0|79,6|0|0|0|000001|
|D195|000001|Consumo|
|D100|0|1|V0007007933|57|00|001||4485|35230817353801000648570010000044851160369001|03082023|24102023|0||26,75|0|9|26,75|0|0|0|000015||3525201|3518800|
|D190|040|1352|0|26,75|0|0|0|000001|
|D195|000001|Consumo|
|D100|0|1|V0007007933|57|00|001||4486|35230817353801000648570010000044861293644213|03082023|24102023|0||91,82|0|9|91,82|91,82|11,02|0|000016||3525201|3518800|
|D190|000|1352|12|91,82|91,82|11,02|0|000001|
|D195|000001|Consumo|
|D100|0|1|V0007007400|57|00|001||2091|41230717353801000486570010000020911945775621|31072023|24102023|0||990,2|0|9|990,2|0|0|0|000015||4125506|3518800|
|D190|040|2352|0|990,2|0|0|0|000001|
|D195|000001|Consumo|
|D100|0|1|V0007007400|57|00|001||2155|41230817353801000486570010000021551927882899|07082023|24102023|0||2503,84|0|9|2503,84|0|0|0|000015||4125506|3525201|
|D190|040|2352|0|2503,84|0|0|0|000001|
|D195|000001|Consumo|
|D100|0|1|V0007007400|57|00|001||2156|41230817353801000486570010000021561489511400|07082023|24102023|0||1327,75|0|9|1327,75|1327,75|159,33|0|000016||4125506|3525201|
|D190|000|2352|12|1327,75|1327,75|159,33|0|000001|
|D195|000001|Consumo|
|D100|0|1|V0007007400|57|00|001||2166|41230817353801000486570010000021661476530512|08082023|24102023|0||47,99|0|9|47,99|47,99|5,76|0|000016||4125506|3518800|
|D190|000|2352|12|47,99|47,99|5,76|0|000001|
|D195|000001|Consumo|
|D100|0|1|V0007007400|57|00|001||2173|41230817353801000486570010000021731157881630|10082023|24102023|0||2522,36|0|9|2522,36|2522,36|302,68|0|000016||4125506|3518800|
|D190|000|2352|12|2522,36|2522,36|302,68|0|000001|
|D195|000001|Consumo|
|D100|0|1|V0007009169|57|00|001||2282|31230817353801000303570010000022821809378307|08082023|24102023|0||6129,77|0|9|6129,77|0|0|0|000015||3140704|3525201|
|D190|040|2352|0|6129,77|0|0|0|000001|
|D195|000001|Consumo|
|D100|0|1|V0007009169|57|00|001||2288|31230817353801000303570010000022881149266080|10082023|24102023|0||6129,77|0|9|6129,77|0|0|0|000015||3140704|3525201|
|D190|040|2352|0|6129,77|0|0|0|000001|
|D195|000001|Consumo|
|D100|0|1|V0007007933|57|00|001||4539|35230817353801000648570010000045391869117850|07082023|24102023|0||855,76|0|9|855,76|0|0|0|000015||3518800|3525201|
|D190|040|1352|0|855,76|0|0|0|000001|
|D195|000001|Consumo|
|D100|0|1|V0007007933|57|00|001||4540|35230817353801000648570010000045401468822863|07082023|24102023|0||617,99|0|9|617,99|0|0|0|000015||3518800|3525201|
|D190|040|1352|0|617,99|0|0|0|000001|
|D195|000001|Consumo|
|D100|0|1|V0007007933|57|00|001||4547|35230817353801000648570010000045471919214693|08082023|24102023|0||50,28|0|9|50,28|0|0|0|000015||3525201|3518800|
|D190|040|1352|0|50,28|0|0|0|000001|
|D195|000001|Consumo|
|D100|0|1|V0007007933|57|00|001||4548|35230817353801000648570010000045481588201198|08082023|24102023|0||17,56|0|9|17,56|0|0|0|000015||3525201|3518800|
|D190|040|1352|0|17,56|0|0|0|000001|
|D195|000001|Consumo|
|D100|0|1|V0007007933|57|00|001||4568|35230817353801000648570010000045681531843134|10082023|24102023|0||128,53|0|9|128,53|0|0|0|000015||3513801|3518800|
|D190|040|1352|0|128,53|0|0|0|000001|
|D195|000001|Consumo|
|D100|0|1|V0007007400|57|00|001||2206|41230817353801000486570010000022061412389689|11082023|24102023|0||2335,11|0|9|2335,11|0|0|0|000015||4125506|3518800|
|D190|040|2352|0|2335,11|0|0|0|000001|
|D195|000001|Consumo|
|D100|0|1|V0007007933|57|00|001||4625|35230817353801000648570010000046251643247841|14082023|24102023|0||423,23|0|9|423,23|423,23|50,79|0|000016||3518800|3525201|
|D190|000|1352|12|423,23|423,23|50,79|0|000001|
|D195|000001|Consumo|
|D100|0|1|V0007007933|57|00|001||4626|35230817353801000648570010000046261629303516|14082023|24102023|0||1190,57|0|9|1190,57|1190,57|142,87|0|000016||3518800|3525201|
|D190|000|1352|12|1190,57|1190,57|142,87|0|000001|
|D195|000001|Consumo|
|D100|0|1|V0007007933|57|00|001||4628|35230817353801000648570010000046281579583710|14082023|24102023|0||14,45|0|9|14,45|14,45|1,73|0|000016||3518800|3525201|
|D190|000|1352|12|14,45|14,45|1,73|0|000001|
|D195|000001|Consumo|
|D100|0|1|V0007007933|57|00|001||4630|35230817353801000648570010000046301198111535|14082023|24102023|0||132,59|0|9|132,59|132,59|15,91|0|000016||3518800|3525201|
|D190|000|1352|12|132,59|132,59|15,91|0|000001|
|D195|000001|Consumo|
|D100|0|1|V0007007933|57|00|001||4631|35230817353801000648570010000046311695263128|14082023|24102023|0||216,22|0|9|216,22|216,22|25,95|0|000016||3518800|3525201|
|D190|000|1352|12|216,22|216,22|25,95|0|000001|
|D195|000001|Consumo|
|D100|0|1|V0007007933|57|00|001||4632|35230817353801000648570010000046321339040170|15082023|24102023|0||106,97|0|9|106,97|106,97|12,84|0|000016||3525201|3518800|
|D190|000|1352|12|106,97|106,97|12,84|0|000001|
|D195|000001|Consumo|
|D100|0|1|V0007007933|57|00|001||4633|35230817353801000648570010000046331848207738|15082023|24102023|0||8,8|0|9|8,8|0|0|0|000015||3525201|3518800|
|D190|040|1352|0|8,8|0|0|0|000001|
|D195|000001|Consumo|
|D100|0|1|V0007007933|57|00|001||4634|35230817353801000648570010000046341270118439|15082023|24102023|0||19,93|0|9|19,93|0|0|0|000015||3525201|3518800|
|D190|040|1352|0|19,93|0|0|0|000001|
|D195|000001|Consumo|
|D100|0|1|V0007007933|57|00|001||4663|35230817353801000648570010000046631354238097|17082023|24102023|0||227,83|0|9|227,83|227,83|27,34|0|000016||3513801|3518800|
|D190|000|1352|12|227,83|227,83|27,34|0|000001|
|D195|000001|Consumo|
|D100|0|1|V0007009977|57|00|001||20507|31230836307730000268570010000205071000216516|17082023|26102023|0||4162,14|0|9|4162,14|0|0|0|000015||3140704|3525201|
|D190|040|2352|0|4162,14|0|0|0|000001|
|D195|000001|Consumo|
|D100|0|1|V0007004941|57|00|000||107934|43230982270711000736570000001079341010964506|13092023|27102023|0||4736,61|0|9|4736,61|4736,61|568,39|0|000016||4305108|3525201|
|D190|000|2352|12|4736,61|4736,61|568,39|0|000001|
|D195|000001|Consumo|
|D100|0|1|V0000087457|57|00|000||234111|41230982270711000817570000002341111047093991|18092023|27102023|0||4221,05|0|9|4221,05|4003,55|480,43|0|000016||4125506|3525201|
|D190|000|2352|12|4221,05|4003,55|480,43|0|000001|
|D195|000001|Consumo|
|D100|0|1|V0000087457|57|00|000||235558|41231082270711000817570000002355581007698607|10102023|27102023|0||9727,07|0|9|9727,07|0|0|0|000015||4125506|3140704|
|D190|040|2352|0|9727,07|0|0|0|000001|
|D195|000001|Consumo|
|D100|0|1|V0007007933|57|00|001||5468|35231017353801000648570010000054681468423962|10102023|27102023|0||0,09|0|9|0,09|0|0|0|000015||3525201|3518800|
|D190|040|1352|0|0,09|0|0|0|000001|
|D195|000001|Consumo|
|D100|0|1|V0007007933|57|00|001||5469|35231017353801000648570010000054691124301596|10102023|27102023|0||0,08|0|9|0,08|0,08|0,01|0|000016||3525201|3518800|
|D190|000|1352|12|0,08|0,08|0,01|0|000001|
|D195|000001|Consumo|
|D100|0|1|V0007007933|57|00|001||5459|35231017353801000648570010000054591465881642|10102023|27102023|0||1120|0|9|1120|1120|134,4|0|000016||3525201|3552502|
|D190|000|1352|12|1120|1120|134,4|0|000001|
|D195|000001|Consumo|
|D100|0|1|V0000051292|57|00|020||166684|35231052548435012266570200001666841001666842|04102023|27102023|0||1642,49|0|9|1642,49|1642,49|197,1|0|000016||3525201|3538709|
|D190|000|1352|12|1642,49|1642,49|197,1|0|000001|
|D195|000001|Consumo|
|D100|0|1|V0000051292|57|00|020||166919|35231052548435012266570200001669191001669190|05102023|27102023|0||1642,49|0|9|1642,49|1642,49|197,1|0|000016||3525201|3538709|
|D190|000|1352|12|1642,49|1642,49|197,1|0|000001|
|D195|000001|Consumo|
|D100|0|1|V0000051292|57|00|020||166697|35231052548435012266570200001666971001666972|04102023|27102023|0||663,77|0|9|663,77|0|0|0|000015||3538709|3525201|
|D190|040|1352|0|663,77|0|0|0|000001|
|D195|000001|Consumo|
|D100|0|1|V0000051292|57|00|020||166953|35231052548435012266570200001669531001669531|05102023|27102023|0||663,77|0|9|663,77|0|0|0|000015||3538709|3525201|
|D190|040|1352|0|663,77|0|0|0|000001|
|D195|000001|Consumo|
|D100|0|1|V0000051292|57|00|020||167656|35231052548435012266570200001676561001676562|09102023|27102023|0||1555,17|0|9|1555,17|1555,17|186,62|0|000016||3525201|3538709|
|D190|000|1352|12|1555,17|1555,17|186,62|0|000001|
|D195|000001|Consumo|
|D100|0|1|V0000051292|57|00|020||168001|35231052548435012266570200001680011001680016|10102023|27102023|0||1611,49|0|9|1611,49|1611,49|193,38|0|000016||3525201|3538709|
|D190|000|1352|12|1611,49|1611,49|193,38|0|000001|
|D195|000001|Consumo|
|D100|0|1|V0000051292|57|00|020||168465|35231052548435012266570200001684651001684657|13102023|27102023|0||745,34|0|9|745,34|745,34|89,44|0|000016||3525201|3538709|
|D190|000|1352|12|745,34|745,34|89,44|0|000001|
|D195|000001|Consumo|
|D100|0|1|V0000051292|57|00|020||168466|35231052548435012266570200001684661001684662|13102023|27102023|0||745,33|0|9|745,33|745,33|89,44|0|000016||3525201|3538709|
|D190|000|1352|12|745,33|745,33|89,44|0|000001|
|D195|000001|Consumo|
|D100|0|1|V0000051292|57|00|020||167703|35231052548435012266570200001677031001677030|09102023|27102023|0||639,89|0|9|639,89|0|0|0|000015||3538709|3525201|
|D190|040|1352|0|639,89|0|0|0|000001|
|D195|000001|Consumo|
|D100|0|1|V0000051292|57|00|020||168024|35231052548435012266570200001680241001680240|10102023|27102023|0||655,81|0|9|655,81|0|0|0|000015||3538709|3525201|
|D190|040|1352|0|655,81|0|0|0|000001|
|D195|000001|Consumo|
|D100|0|1|V0000051292|57|00|020||168587|35231052548435012266570200001685871001685877|16102023|27102023|0||647,85|0|9|647,85|0|0|0|000015||3538709|3525201|
|D190|040|1352|0|647,85|0|0|0|000001|
|D195|000001|Consumo|
|D100|0|1|V0007005013|57|00|000||262308|35230982270711001970570000002623081974126265|12092023|27102023|0||4720,58|0|9|4720,58|0|0|0|000015||3525201|4305108|
|D190|040|1352|0|4720,58|0|0|0|000001|
|D195|000001|Consumo|
|D100|0|1|V0007007933|57|00|001||4726|35230817353801000648570010000047261461953204|18082023|24102023|0||40,73|0|9|40,73|0|0|0|000015||3518800|4125506|
|D190|040|1352|0|40,73|0|0|0|000001|
|D195|000001|Consumo|
|D100|0|1|V0007007933|57|00|001||4645|35230817353801000648570010000046451959593920|16082023|24102023|0||502,06|0|9|502,06|502,06|60,25|0|000016||3518800|4125506|
|D190|000|1352|12|502,06|502,06|60,25|0|000001|
|D195|000001|Consumo|
|D100|0|1|V0000083809|57|00|001||36785|35230817353801000133570010000367851998728804|09082023|24102023|0||6129,77|0|9|6129,77|0|0|0|000015||3525201|3140704|
|D190|040|1352|0|6129,77|0|0|0|000001|
|D195|000001|Consumo|
|D100|0|1|V0007007933|57|00|001||4590|35230817353801000648570010000045901216193456|10082023|24102023|0||0,31|0|9|0,31|0,31|0,04|0|000016||3518800|4125506|
|D190|000|1352|12|0,31|0,31|0,04|0|000001|
|D195|000001|Consumo|
|D100|0|1|V0007007933|57|00|001||4563|35230817353801000648570010000045631150864954|09082023|24102023|0||355,94|0|9|355,94|355,94|42,71|0|000016||3518800|4125506|
|D190|000|1352|12|355,94|355,94|42,71|0|000001|
|D195|000001|Consumo|
|D100|0|1|V0007007933|57|00|001||4526|35230817353801000648570010000045261790356205|05082023|24102023|0||41,51|0|9|41,51|0|0|0|000015||3518800|4125506|
|D190|040|1352|0|41,51|0|0|0|000001|
|D195|000001|Consumo|
|D100|0|1|V0007007933|57|00|001||4496|35230817353801000648570010000044961477039025|03082023|24102023|0||41,3|0|9|41,3|41,3|4,96|0|000016||3518800|4125506|
|D190|000|1352|12|41,3|41,3|4,96|0|000001|
|D195|000001|Consumo|
|D100|0|1|V0000083809|57|00|001||36711|35230817353801000133570010000367111670284597|04082023|24102023|0||6129,77|0|9|6129,77|0|0|0|000015||3525201|3140704|
|D190|040|1352|0|6129,77|0|0|0|000001|
|D195|000001|Consumo|
|D100|0|1|V0000083809|57|00|001||36658|35230817353801000133570010000366581783472772|02082023|24102023|0||6129,77|0|9|6129,77|0|0|0|000015||3525201|3140704|
|D190|040|1352|0|6129,77|0|0|0|000001|
|D195|000001|Consumo|
|D100|0|1|V0007007933|57|00|001||4452|35230817353801000648570010000044521334369507|02082023|24102023|0||301,95|0|9|301,95|301,95|36,23|0|000016||3525201|3140704|
|D190|000|1352|12|301,95|301,95|36,23|0|000001|
|D195|000001|Consumo|
|D100|0|1|V0000083809|57|00|001||36556|35230717353801000133570010000365561979761811|28072023|11102023|0||6129,77|0|9|6129,77|0|0|0|000015||3525201|3140704|
|D190|040|1352|0|6129,77|0|0|0|000001|
|D195|000001|Consumo|
|D100|0|1|V0000083809|57|00|001||36508|35230717353801000133570010000365081905012630|26072023|11102023|0||6129,77|0|9|6129,77|0|0|0|000015||3525201|3140704|
|D190|040|1352|0|6129,77|0|0|0|000001|
|D195|000001|Consumo|
|D100|0|1|V0000083809|57|00|001||36415|35230717353801000133570010000364151642434511|21072023|11102023|0||6129,77|0|9|6129,77|0|0|0|000015||3525201|3140704|
|D190|040|1352|0|6129,77|0|0|0|000001|
|D195|000001|Consumo|
|D100|0|1|V0000083809|57|00|001||36361|35230717353801000133570010000363611390036972|17072023|11102023|0||6129,77|0|9|6129,77|0|0|0|000015||3525201|3140704|
|D190|040|1352|0|6129,77|0|0|0|000001|
|D195|000001|Consumo|
|D100|0|1|V0007007933|57|00|001||4282|35230717353801000648570010000042821135315100|19072023|11102023|0||1030,67|0|9|1030,67|1030,67|123,68|0|000016||3518800|4125506|
|D190|000|1352|12|1030,67|1030,67|123,68|0|000001|
|D195|000001|Consumo|
|D100|0|1|V0007007933|57|00|001||4257|35230717353801000648570010000042571874612284|15072023|11102023|0||0,49|0|9|0,49|0|0|0|000015||3518800|4125506|
|D190|040|1352|0|0,49|0|0|0|000001|
|D195|000001|Consumo|
|D100|0|1|V0007007933|57|00|001||4239|35230717353801000648570010000042391188852508|14072023|11102023|0||5,4|0|9|5,4|0|0|0|000015||3518800|4125506|
|D190|040|1352|0|5,4|0|0|0|000001|
|D195|000001|Consumo|
|D100|0|1|V0007007933|57|00|001||4236|35230717353801000648570010000042361162166320|14072023|11102023|0||267,89|0|9|267,89|267,89|32,15|0|000016||3518800|4125506|
|D190|000|1352|12|267,89|267,89|32,15|0|000001|
|D195|000001|Consumo|
|D100|0|1|V0007003941|57|00|001||4454|35230836307730000187570010000044541000048100|18082023|11102023|0||6521,91|0|9|6521,91|0|0|0|000015||3525201|3140704|
|D190|040|1352|0|6521,91|0|0|0|000001|
|D195|000001|Consumo|
|D100|0|1|V0007003941|57|00|001||4452|35230836307730000187570010000044521000048076|16082023|11102023|0||6521,91|0|9|6521,91|0|0|0|000015||3525201|3140704|
|D190|040|1352|0|6521,91|0|0|0|000001|
|D195|000001|Consumo|
|D100|0|1|V0000083809|57|00|001||36230|35230717353801000133570010000362301177526834|10072023|04102023|0||6129,77|0|9|6129,77|0|0|0|000015||3525201|3140704|
|D190|040|1352|0|6129,77|0|0|0|000001|
|D195|000001|Consumo|
|D100|0|1|V0007007933|57|00|001||4201|35230717353801000648570010000042011706881006|12072023|04102023|0||986,7|0|9|986,7|986,7|118,4|0|000016||3518800|4125506|
|D190|000|1352|12|986,7|986,7|118,4|0|000001|
|D195|000001|Consumo|
|D100|0|1|V0007007933|57|00|001||4197|35230717353801000648570010000041971469317159|12072023|04102023|0||6,22|0|9|6,22|0|0|0|000015||3518800|4125506|
|D190|040|1352|0|6,22|0|0|0|000001|
|D195|000001|Consumo|
|D100|0|1|V0007007933|57|00|001||4194|35230717353801000648570010000041941298322887|12072023|04102023|0||92,67|0|9|92,67|92,67|11,12|0|000016||3518800|4125506|
|D190|000|1352|12|92,67|92,67|11,12|0|000001|
|D195|000001|Consumo|
|D100|0|1|V0007007933|57|00|001||4174|35230717353801000648570010000041741546587793|10072023|04102023|0||484,89|0|9|484,89|0|0|0|000015||3518800|4125506|
|D190|040|1352|0|484,89|0|0|0|000001|
|D195|000001|Consumo|
|D100|0|1|V0007007933|57|00|001||4171|35230717353801000648570010000041711787636561|10072023|04102023|0||6,51|0|9|6,51|0|0|0|000015||3518800|4125506|
|D190|040|1352|0|6,51|0|0|0|000001|
|D195|000001|Consumo|
|D990|473|
|E001|0|
|E100|01102023|31102023|
|E110|492664,79|0|116,51|0|378041,37|0|11047,42|0|0|103692,51|0|103692,51|0|0|
|E111|SP000207|ICMS DIFAL - 102023|116,51|
|E113|V0007003648|55|1||349619|17102023||70,29|42231006913480002616550010003496191529212949|
|E113|V0001000257|55|3||14395|19102023||46,22|41231077765840000170550030000143951347825505|
|E111|SP020799|CIAP 102023|7139,7|
|E111|SP020799|CIAP 102023 - CORRECAO NF 7250|3907,72|
|E116|000|103692,51|25112023|046-2|||||102023|
|E200|SP|01102023|31102023|
|E210|0|0|0|0|0|0|0|0|0|0|0|0|0|0|
|E300|SP|01102023|31102023|
|E310|0|0|0|0|0|0|0|0|0|0|0|0|0|0|0|0|0|0|0|0|0|
|E500|0|01102023|31102023|
|E510|1903|05|23226,44|0|0|
|E510|5920|55|1423178,13|0|0|
|E510|5125|55|513804,3|0|0|
|E510|5925|55|818066,09|0|0|
|E510|5101|55|2923465,9|0|0|
|E510|1920|05|1076789,94|0|0|
|E510|2101|05|2617248,89|0|0|
|E510|5949|55|280650,23|0|0|
|E510|7101|55|3482388,84|0|0|
|E510|2151|05|2686507,46|0|0|
|E510|5949|99|2500|0|0|
|E510|1124|05|12270,81|0|0|
|E510|1101|00|326520,7|314620,67|11900,02|
|E510|1921|05|82060|0|0|
|E510|2920|05|69270|0|0|
|E510|2921|05|307490,55|0|0|
|E510|2151|49|4283,59|0|0|
|E510|2557|49|13039,25|0|0|
|E510|2552|49|261060|0|0|
|E510|1949|00|72,54|70,26|2,28|
|E510|1901|01|748506|0|0|
|E510|6920|55|347120|0|0|
|E510|6151|99|166,74|0|0|
|E510|5921|55|36407,13|0|0|
|E510|6151|55|365248,12|0|0|
|E510|5201|55|686,5|0|0|
|E510|5901|99|296,1|0|0|
|E510|6949|99|4535,92|0|0|
|E510|5501|55|656299,54|0|0|
|E510|1556|49|38509,3|0|0|
|E510|6921|55|4375|0|0|
|E510|5101|50|29505,94|28577,18|928,76|
|E510|1101|05|94865,69|0|0|
|E510|1201|05|149,73|0|0|
|E510|1949|49|2500|0|0|
|E510|2556|49|1737,35|0|0|
|E510|6557|99|185|0|0|
|E510|5949|50|1118,78|1050,5|68,28|
|E520|29802,5|997,04|11902,3|0|0|40707,76|0|
|E990|54|
|G001|0|
|G110|01102023|31102023|386944,63|8061,28|7316193,36|8260555,81|0,8856781|7139,7|0|
|G125|000007101737-0002-0000000003|01102023|SI|83,16|0|0|0|25|1,73|
|G125|000007101747-0002-0000000001|01102023|SI|8066,5|0|0|0|23|168,05|
|G125|000007101784-0002-0000000001|01102023|SI|8121,23|0|0|0|23|169,19|
|G125|000007101784-0002-0000000002|01102023|SI|197,25|0|0|0|18|4,11|
|G125|000007101785-0002-0000000002|01102023|SI|501,61|0|0|0|31|10,45|
|G125|000007101785-0002-0000000003|01102023|SI|414|0|0|0|31|8,63|
|G125|000007101785-0002-0000000004|01102023|SI|16,6|0|0|0|30|0,35|
|G125|000007101785-0002-0000000005|01102023|SI|48,88|0|0|0|30|1,02|
|G125|000007101785-0002-0000000006|01102023|SI|51,05|0|0|0|30|1,06|
|G125|000007101785-0002-0000000007|01102023|SI|204,11|0|0|0|30|4,25|
|G125|000007101785-0002-0000000008|01102023|SI|5349,16|0|0|0|30|111,44|
|G125|000007101785-0002-0000000009|01102023|SI|4770,59|0|0|0|30|99,39|
|G125|000007101785-0002-0000000010|01102023|SI|712,75|0|0|0|30|14,85|
|G125|000007101785-0002-0000000011|01102023|SI|332,39|0|0|0|30|6,93|
|G125|000007101785-0002-0000000012|01102023|SI|150,06|0|0|0|30|3,13|
|G125|000007101785-0002-0000000013|01102023|SI|136,37|0|0|582,08|29|14,97|
|G125|000007101785-0002-0000000014|01102023|SI|30893,38|0|0|0|23|643,61|
|G125|000007101785-0002-0000000015|01102023|SI|598,41|0|0|0|20|12,47|
|G125|000007101785-0002-0000000016|01102023|SI|510,55|0|0|0|20|10,64|
|G125|000007102031-0001-0000000001|01102023|SI|14322,82|0|0|9451,51|21|495,3|
|G125|000007102031-0002-0000000001|01102023|SI|1584,04|0|0|0|22|33|
|G125|000007102031-0002-0000000002|01102023|SI|120,89|0|0|0|18|2,52|
|G125|000007102031-0003-0000000001|01102023|SI|2260,8|0|0|9649,76|31|248,14|
|G125|000007102031-0003-0000000002|01102023|SI|1936,04|0|0|0|26|40,33|
|G125|000007102031-0003-0000000003|01102023|SI|1337,63|0|0|0|26|27,87|
|G125|000007102031-0003-0000000004|01102023|SI|286,31|0|0|0|26|5,97|
|G125|000007102031-0003-0000000005|01102023|SI|718,11|0|0|0|26|14,96|
|G125|000007102031-0003-0000000006|01102023|SI|330,88|0|0|0|20|6,89|
|G125|000007102031-0003-0000000007|01102023|SI|2136,21|0|0|0|20|44,5|
|G125|000007102031-0003-0000000008|01102023|SI|41,35|0|0|0|20|0,86|
|G125|000007102031-0003-0000000009|01102023|SI|308,01|0|0|0|19|6,42|
|G125|000007102031-0003-0000000010|01102023|SI|264,01|0|0|0|18|5,5|
|G125|000007102031-0004-0000000001|01102023|SI|2964,54|0|0|0|28|61,76|
|G125|000007102159-0000-0000000002|01102023|SI|11334,58|0|0|0|27|236,14|
|G125|000007102159-0000-0000000004|01102023|SI|83,16|0|0|0|25|1,73|
|G125|000007102160-0000-0000000001|01102023|SI|1161,63|0|0|0|26|24,2|
|G125|000007102160-0000-0000000002|01102023|SI|2270,45|0|0|0|26|47,3|
|G125|000007102160-0000-0000000004|01102023|SI|4155,16|0|0|0|23|86,57|
|G125|000007102160-0000-0000000005|01102023|SI|103,79|0|0|0|19|2,16|
|G125|000007102160-0000-0000000006|01102023|SI|83,14|0|0|0|15|1,73|
|G125|000007102160-0000-0000000007|01102023|SI|115,13|0|0|0|15|2,4|
|G125|000007102160-0000-0000000008|01102023|SI|31,98|0|0|0|15|0,66|
|G125|000007102160-0000-0000000009|01102023|SI|28,78|0|0|0|15|0,6|
|G125|000007102160-0000-0000000010|01102023|SI|78,67|0|0|0|12|1,64|
|G125|000007102160-0000-0000000011|01102023|SI|108,91|0|0|0|12|2,27|
|G125|000007102160-0000-0000000012|01102023|SI|30,25|0|0|0|12|0,63|
|G125|000007102160-0000-0000000013|01102023|SI|27,23|0|0|0|12|0,56|
|G125|000007102160-0000-0000000014|01102023|SI|150,87|0|0|0|12|3,14|
|G125|000007102160-0000-0000000015|01102023|SI|95,63|0|0|0|12|1,99|
|G125|000007102160-0000-0000000016|01102023|SI|66,32|0|0|0|12|1,38|
|G125|000007102160-0000-0000000017|01102023|SI|49,08|0|0|0|12|1,02|
|G125|000007102160-0000-0000000018|01102023|SI|53,05|0|0|0|12|1,1|
|G125|000007102161-0000-0000000003|01102023|SI|83,16|0|0|0|25|1,73|
|G125|000007102161-0000-0000000004|01102023|SI|20247,58|0|0|0|23|421,82|
|G125|000007102161-0000-0000000005|01102023|SI|56,19|0|0|0|20|1,17|
|G125|000007102161-0000-0000000006|01102023|SI|69,74|0|0|0|15|1,45|
|G125|000007102161-0000-0000000007|01102023|SI|204,42|0|0|0|15|4,26|
|G125|000007102161-0000-0000000008|01102023|SI|10,55|0|0|0|15|0,22|
|G125|000007102161-0000-0000000009|01102023|SI|14,78|0|0|0|15|0,31|
|G125|000007102161-0000-0000000010|01102023|SI|14,78|0|0|0|15|0,31|
|G125|000007102161-0000-0000000011|01102023|SI|84,44|0|0|0|15|1,76|
|G125|000007102161-0000-0000000012|01102023|SI|24,02|0|0|0|15|0,5|
|G125|000007102162-0000-0000000003|01102023|SI|83,16|0|0|0|25|1,73|
|G125|000007102162-0000-0000000004|01102023|SI|20126,71|0|0|0|23|419,31|
|G125|000007102162-0000-0000000005|01102023|SI|71,83|0|0|0|15|1,49|
|G125|000007102162-0000-0000000006|01102023|SI|210,6|0|0|0|15|4,39|
|G125|000007102162-0000-0000000007|01102023|SI|10,86|0|0|0|15|0,22|
|G125|000007102162-0000-0000000008|01102023|SI|15,22|0|0|0|15|0,32|
|G125|000007102162-0000-0000000009|01102023|SI|15,22|0|0|0|15|0,32|
|G125|000007102162-0000-0000000010|01102023|SI|86,98|0|0|0|15|1,81|
|G125|000007102162-0000-0000000011|01102023|SI|24,74|0|0|0|15|0,51|
|G125|000007102162-0001-0000000001|01102023|SI|1111,04|0|0|0|29|23,15|
|G125|000007102162-0001-0000000002|01102023|SI|94,57|0|0|0|29|1,97|
|G125|000007102162-0001-0000000003|01102023|SI|395,41|0|0|0|29|8,24|
|G125|000007102162-0001-0000000004|01102023|SI|56,25|0|0|0|29|1,17|
|G125|000007102162-0001-0000000005|01102023|SI|11,87|0|0|0|29|0,25|
|G125|000007102162-0001-0000000006|01102023|SI|3546,72|0|0|0|23|73,89|
|G125|000007102216-0000-0000000001|01102023|SI|327,6|0|0|0|27|6,83|
|G125|000007102216-0000-0000000002|01102023|SI|38,14|0|0|0|27|0,8|
|G125|000007102216-0000-0000000003|01102023|SI|15,98|0|0|0|27|0,33|
|G125|000007102216-0000-0000000004|01102023|SI|50,61|0|0|0|27|1,05|
|G125|000007102216-0000-0000000005|01102023|SI|230,44|0|0|0|27|4,8|
|G125|000007102216-0000-0000000006|01102023|SI|1584,04|0|0|0|26|33|
|G125|000007102216-0000-0000000008|01102023|SI|4960|0|0|0|23|103,33|
|G125|000007102216-0000-0000000009|01102023|SI|103,79|0|0|0|19|2,16|
|G125|000007102216-0000-0000000010|01102023|SI|83,14|0|0|0|15|1,73|
|G125|000007102216-0000-0000000011|01102023|SI|115,13|0|0|0|15|2,4|
|G125|000007102216-0000-0000000012|01102023|SI|31,98|0|0|0|15|0,66|
|G125|000007102216-0000-0000000013|01102023|SI|28,78|0|0|0|15|0,6|
|G125|000007102216-0000-0000000014|01102023|SI|347,05|0|0|0|15|7,23|
|G125|000007102216-0000-0000000015|01102023|SI|78,67|0|0|0|12|1,64|
|G125|000007102216-0000-0000000016|01102023|SI|108,91|0|0|0|12|2,27|
|G125|000007102216-0000-0000000017|01102023|SI|30,25|0|0|0|12|0,63|
|G125|000007102216-0000-0000000018|01102023|SI|27,23|0|0|0|12|0,56|
|G125|000007102216-0000-0000000019|01102023|SI|150,87|0|0|0|12|3,14|
|G125|000007102216-0000-0000000020|01102023|SI|95,63|0|0|0|12|1,99|
|G125|000007102216-0000-0000000021|01102023|SI|66,32|0|0|0|12|1,38|
|G125|000007102216-0000-0000000022|01102023|SI|49,07|0|0|0|12|1,02|
|G125|000007102216-0000-0000000023|01102023|SI|53,05|0|0|0|12|1,1|
|G125|000007102217-0000-0000000002|01102023|SI|83,16|0|0|0|25|1,73|
|G125|000007102217-0000-0000000003|01102023|SI|31014,9|0|0|0|23|646,14|
|G125|000007102217-0000-0000000004|01102023|SI|56,19|0|0|0|20|1,17|
|G125|000007102217-0000-0000000005|01102023|SI|217,43|0|0|0|16|4,53|
|G125|000007102217-0000-0000000006|01102023|SI|1168,69|0|0|0|16|24,35|
|G125|000007102217-0000-0000000007|01102023|SI|324,32|0|0|0|16|6,75|
|G125|000007102217-0000-0000000008|01102023|SI|90,18|0|0|0|16|1,88|
|G125|000007102217-0000-0000000009|01102023|SI|460,38|0|0|0|16|9,59|
|G125|000007102217-0000-0000000010|01102023|SI|69,71|0|0|0|15|1,45|
|G125|000007102217-0000-0000000011|01102023|SI|204,41|0|0|0|15|4,26|
|G125|000007102217-0000-0000000012|01102023|SI|10,55|0|0|0|15|0,22|
|G125|000007102217-0000-0000000013|01102023|SI|14,77|0|0|0|15|0,31|
|G125|000007102217-0000-0000000014|01102023|SI|14,77|0|0|0|15|0,31|
|G125|000007102217-0000-0000000015|01102023|SI|84,42|0|0|0|15|1,76|
|G125|000007102217-0000-0000000016|01102023|SI|24,02|0|0|0|15|0,5|
|G125|000007102227-0000-0000000001|01102023|SI|1776,41|0|0|12309,67|20|293,46|
|G125|000007102227-0000-0000000002|01102023|SI|807,01|0|0|5592,17|20|133,32|
|G125|000007102228-0000-0000000001|01102023|SI|807,01|0|0|5592,17|20|133,32|
|G125|000007102230-0000-0000000001|01102023|SI|1580,87|0|0|10954,69|20|261,16|
|G125|000007102274-0000-0000000001|01102023|SI|522,4|0|0|0|11|10,88|
|G125|000007200031-0000-0000000001|01102023|SI|1304,75|0|0|4566,62|9|122,32|
|G125|000007401959-0000-0000000001|01102023|SI|950,27|0|0|0|18|19,8|
|G125|000008101068-0000-0000000001|01102023|SI|176|0|0|0|20|3,67|
|G125|000008101068-0000-0000000002|01102023|SI|237,6|0|0|0|20|4,95|
|G125|000008101069-0000-0000000001|01102023|SI|352,01|0|0|0|20|7,33|
|G125|000008101070-0000-0000000001|01102023|SI|1354,53|0|0|0|25|28,22|
|G125|000008300944-0000-0000000001|01102023|SI|3656,56|0|0|0|29|76,18|
|G125|000008300953-0000-0000000001|01102023|SI|3656,56|0|0|0|29|76,18|
|G125|000008300954-0000-0000000001|01102023|SI|5947,6|0|0|0|27|123,91|
|G125|000008300954-0000-0000000002|01102023|SI|1091,3|0|0|0|27|22,74|
|G125|000008300954-0000-0000000003|01102023|SI|763,91|0|0|0|23|15,91|
|G125|000008300955-0000-0000000001|01102023|SI|2678,13|0|0|0|27|55,79|
|G125|000008300955-0000-0000000002|01102023|SI|491,4|0|0|0|27|10,24|
|G125|000008300955-0000-0000000003|01102023|SI|687,96|0|0|0|23|14,33|
|G125|000008300955-0000-0000000004|01102023|SI|763,91|0|0|0|23|15,91|
|G125|000008300956-0000-0000000001|01102023|SI|9498,82|0|0|0|27|197,89|
|G125|000008300956-0000-0000000002|01102023|SI|5699,29|0|0|0|27|118,74|
|G125|000008300956-0000-0000000003|01102023|SI|10448,7|0|0|0|27|217,68|
|G125|000008300956-0000-0000000004|01102023|SI|4274,47|0|0|0|27|89,05|
|G125|000008300956-0000-0000000005|01102023|SI|653,04|0|0|0|27|13,61|
|G125|000008300956-0000-0000000006|01102023|SI|1781,03|0|0|0|23|37,1|
|G125|000008300956-0000-0000000007|01102023|SI|4868,14|0|0|0|23|101,42|
|G125|000008300957-0000-0000000001|01102023|SI|9498,82|0|0|0|27|197,89|
|G125|000008300957-0000-0000000002|01102023|SI|4749,41|0|0|0|27|98,95|
|G125|000008300957-0000-0000000003|01102023|SI|8548,93|0|0|0|27|178,1|
|G125|000008300957-0000-0000000004|01102023|SI|4274,47|0|0|0|27|89,05|
|G125|000008300957-0000-0000000005|01102023|SI|3502,69|0|0|0|27|72,97|
|G125|000008300957-0000-0000000006|01102023|SI|1781,03|0|0|0|23|37,1|
|G125|000008300957-0000-0000000007|01102023|SI|4868,14|0|0|0|23|101,42|
|G125|000008603946-0000-0000000001|01102023|SI|148|0|0|631,71|28|16,24|
|G125|000008603947-0000-0000000001|01102023|SI|148|0|0|631,7|28|16,24|
|G125|000008604054-0000-0000000001|01102023|SI|23750,46|0|0|0|18|494,8|
|G990|154|
|H001|0|
|H005|31102023|8644581,13|01|
|H010|000000002222302258|PÇ|1|215,54|215,54|0|||0000020008|215,54|
|H010|000000002222304377|PÇ|5|10,06|50,3|0|||0000020008|50,3|
|H010|000000002222304378|PÇ|5|11,03|55,15|0|||0000020008|55,15|
|H010|000000002222304383|PÇ|5|7,77|38,85|0|||0000020008|38,85|
|H010|000000002222304385|PÇ|5|8,22|41,1|0|||0000020008|41,1|
|H010|000000002222304388|PÇ|5|16,56|82,8|0|||0000020008|82,8|
|H010|000000002222304389|PÇ|14|6,53|91,42|0|||0000020008|91,42|
|H010|000000002222304399|PÇ|10|6,31|63,1|0|||0000020008|63,1|
|H010|000000002222304413|PÇ|6|13,17|79,02|0|||0000020008|79,02|
|H010|000000002222304423|PÇ|5|14,82|74,1|0|||0000020008|74,1|
|H010|000000002222304431|PÇ|1|722,39|722,39|0|||0000020008|722,39|
|H010|000000002222304462|PÇ|2|671,27|1342,54|0|||0000020008|1342,54|
|H010|000000002222304723|PÇ|4|42,54|170,16|0|||0000020008|170,16|
|H010|000000002222304725|PÇ|3|58|174|0|||0000020008|174|
|H010|000000002222304730|PÇ|4|111,88|447,52|0|||0000020008|447,52|
|H010|000000002222304816|PÇ|1|99,32|99,32|0|||0000020008|99,32|
|H010|000000002222305796|PÇ|2|99,26|198,52|0|||0000020008|198,52|
|H010|000000002222305805|PÇ|1|486,35|486,35|0|||0000020008|486,35|
|H010|000000002222305925|PÇ|1|430,88|430,88|0|||0000020008|430,88|
|H010|000000002222306341|PÇ|1|686,75|686,75|0|||0000020008|686,75|
|H010|000000002222306363|PÇ|1|601,81|601,81|0|||0000020008|601,81|
|H010|000000002222306370|PÇ|1|519,46|519,46|0|||0000020008|519,46|
|H010|000000002222306392|PÇ|1|589,67|589,67|0|||0000020008|589,67|
|H010|000000002222307106|PÇ|10|24,59|245,9|0|||0000020008|245,9|
|H010|000000002222309132|PÇ|2|187,53|375,06|0|||0000020008|375,06|
|H010|000000002222310582|PÇ|1|121,73|121,73|0|||0000020008|121,73|
|H010|000000002222310876|PÇ|3|18,75|56,25|0|||0000020008|56,25|
|H010|000000002222310920|PÇ|1|230,8|230,8|0|||0000020008|230,8|
|H010|000000002222311360|PÇ|2|741,21|1482,42|0|||0000020008|1482,42|
|H010|000000002222311371|PÇ|2|156,52|313,04|0|||0000020008|313,04|
|H010|000000002222311390|PÇ|5|9,11|45,55|0|||0000020008|45,55|
|H010|000000002222311774|PÇ|1|1658,28|1658,28|0|||0000020008|1658,28|
|H010|000000002222311951|PÇ|6|36,478333|218,87|0|||0000020008|218,87|
|H010|000000002222313292|PÇ|5|25,5|127,5|0|||0000020008|127,5|
|H010|000000002222313296|PÇ|5|9,16|45,8|0|||0000020008|45,8|
|H010|000000002222313344|PÇ|6|9,11|54,66|0|||0000020008|54,66|
|H010|000000002222315365|PÇ|4|341,57|1366,28|0|||0000020008|1366,28|
|H010|000000002222315368|PÇ|4|318,15|1272,6|0|||0000020008|1272,6|
|H010|000000002222315921|PÇ|3|270,05|810,15|0|||0000020008|810,15|
|H010|000000002222317844|PÇ|2|1009,55|2019,1|0|||0000020008|2019,1|
|H010|000000002222319850|PÇ|1|2050,35|2050,35|0|||0000020008|2050,35|
|H010|000000002222319944|PÇ|2|548|1096|0|||0000020008|1096|
|H010|000000002222319951|PÇ|3|347,326667|1041,98|0|||0000020008|1041,98|
|H010|000000002222319952|PÇ|3|507,856667|1523,57|0|||0000020008|1523,57|
|H010|000000002222319953|PÇ|1|524,91|524,91|0|||0000020008|524,91|
|H010|000000002222319954|PÇ|1|562,54|562,54|0|||0000020008|562,54|
|H010|000000002222320680|PÇ|3|42,5|127,5|0|||0000020008|127,5|
|H010|000000002222321040|PÇ|2|330,05|660,1|0|||0000020008|660,1|
|H010|000000002222321105|PÇ|1|493,16|493,16|0|||0000020008|493,16|
|H010|000000002222321402|PÇ|1|405,32|405,32|0|||0000020008|405,32|
|H010|000000002222325238|PÇ|13|8,39|109,07|0|||0000020008|109,07|
|H010|000000002222325239|PÇ|6|10,946667|65,68|0|||0000020008|65,68|
|H010|000000002222325247|PÇ|5|13,17|65,85|0|||0000020008|65,85|
|H010|000000002222325249|PÇ|5|18,18|90,9|0|||0000020008|90,9|
|H010|000000002222325251|PÇ|5|26,42|132,1|0|||0000020008|132,1|
|H010|000000002222325306|PÇ|14|12,08|169,12|0|||0000020008|169,12|
|H010|000000002222325307|PÇ|5|23,27|116,35|0|||0000020008|116,35|
|H010|000000002222328221|PÇ|1|1047,1|1047,1|0|||0000020008|1047,1|
|H010|000000002222328338|PÇ|1|2314,37|2314,37|0|||0000020008|2314,37|
|H010|000000002222329426|PÇ|4|312,62|1250,48|0|||0000020008|1250,48|
|H010|000000002222329432|PÇ|1|1453,88|1453,88|0|||0000020008|1453,88|
|H010|000000002222332234|PÇ|2|161,22|322,44|0|||0000020008|322,44|
|H010|000000002222332248|PÇ|1|99,32|99,32|0|||0000020008|99,32|
|H010|000000002222332251|PÇ|1|2236,9|2236,9|0|||0000020008|2236,9|
|H010|000000002222332447|PÇ|4|91,1|364,4|0|||0000020008|364,4|
|H010|000000002222332761|PÇ|1|3531,01|3531,01|0|||0000020008|3531,01|
|H010|000000002222335469|PÇ|1|757,91|757,91|0|||0000020008|757,91|
|H010|000000002222335661|PÇ|5|27,27|136,35|0|||0000020008|136,35|
|H010|000000002222337735|PÇ|1|88,81|88,81|0|||0000020008|88,81|
|H010|000000002222338229|PÇ|5|18,99|94,95|0|||0000020008|94,95|
|H010|000000002222338368|PÇ|1|870,04|870,04|0|||0000020008|870,04|
|H010|000000002222338369|PÇ|1|1414,49|1414,49|0|||0000020008|1414,49|
|H010|000000002222338370|PÇ|1|281,71|281,71|0|||0000020008|281,71|
|H010|000000002222338443|PÇ|1|180,56|180,56|0|||0000020008|180,56|
|H010|000000002222338447|PÇ|1|214,33|214,33|0|||0000020008|214,33|
|H010|000000002222338454|PÇ|1|165,75|165,75|0|||0000020008|165,75|
|H010|000000002222338705|PÇ|5|7,97|39,85|0|||0000020008|39,85|
|H010|000000002222338812|PÇ|2|14,45|28,9|0|||0000020008|28,9|
|H010|000000002222338831|P|1|260,2|260,2|0|||0000020008|260,2|
|H010|000000002222339612|PÇ|2|159,24|318,48|0|||0000020008|318,48|
|H010|000000002222341822|PÇ|1|1739,67|1739,67|0|||0000020008|1739,67|
|H010|000000002222343791|PÇ|5|10,34|51,7|0|||0000020008|51,7|
|H010|000000002222343972|PÇ|2|768,585|1537,17|0|||0000020008|1537,17|
|H010|000000002222344095|SET|1|510,97|510,97|0|||0000020008|510,97|
|H010|000000002222344142|PÇ|5|16|80|0|||0000020008|80|
|H010|000000002222344600|PÇ|2|114,63|229,26|0|||0000020008|229,26|
|H010|000000002222345093|PÇ|5|23,02|115,1|0|||0000020008|115,1|
|H010|000000002222345096|PÇ|1|285,45|285,45|0|||0000020008|285,45|
|H010|000000002222345259|PÇ|6|12,655|75,93|0|||0000020008|75,93|
|H010|000000002222345454|PÇ|10|7,58|75,8|0|||0000020008|75,8|
|H010|000000002222345464|PÇ|6|7,44|44,64|0|||0000020008|44,64|
|H010|000000002222345471|PÇ|7|12,16|85,12|0|||0000020008|85,12|
|H010|000000002222345551|PÇ|5|19,71|98,55|0|||0000020008|98,55|
|H010|000000002222345555|PÇ|5|20,11|100,55|0|||0000020008|100,55|
|H010|000000002222346131|PÇ|1|170,45|170,45|0|||0000020008|170,45|
|H010|000000002222346168|PÇ|1|349,33|349,33|0|||0000020008|349,33|
|H010|000000002222347033|PÇ|5|7,16|35,8|0|||0000020008|35,8|
|H010|000000002222347205|PÇ|2|57,605|115,21|0|||0000020008|115,21|
|H010|000000002222348220|PÇ|3|853|2559|0|||0000020008|2559|
|H010|000000002222350215|PÇ|1|3149,64|3149,64|0|||0000020008|3149,64|
|H010|000000002222351774|PÇ|1|91,38|91,38|0|||0000020008|91,38|
|H010|000000002222352431|PÇ|2|170,99|341,98|0|||0000020008|341,98|
|H010|000000002222353684|PÇ|1|517,21|517,21|0|||0000020008|517,21|
|H010|000000002222353685|PÇ|1|624,14|624,14|0|||0000020008|624,14|
|H010|000000002222354220|PÇ|3|136,43|409,29|0|||0000020008|409,29|
|H010|000000002222355533|PÇ|1|1631,28|1631,28|0|||0000020008|1631,28|
|H010|000000002222358687|PÇ|2|436,15|872,3|0|||0000020008|872,3|
|H010|000000002222364411|PÇ|3|458,1|1374,3|0|||0000020008|1374,3|
|H010|000000002222364733|PÇ|2|38,88|77,76|0|||0000020008|77,76|
|H010|000000002222365110|PÇ|1|380,65|380,65|0|||0000020008|380,65|
|H010|000000002222366265|PÇ|4|147|588|0|||0000020008|588|
|H010|000000002222366350|PÇ|1|159,61|159,61|0|||0000020008|159,61|
|H010|000000002222366634|PÇ|2|136,12|272,24|0|||0000020008|272,24|
|H010|000000002222367836|PÇ|1|4036|4036|0|||0000020008|4036|
|H010|000000002222370762|PÇ|1|243,38|243,38|0|||0000020008|243,38|
|H010|000000002222371706|PÇ|2|149,85|299,7|0|||0000020008|299,7|
|H010|000000002222372675|PÇ|1|164,8|164,8|0|||0000020008|164,8|
|H010|000000002222372891|PÇ|1|1333,5|1333,5|0|||0000020008|1333,5|
|H010|000000002222373614|PÇ|1|55,03|55,03|0|||0000020008|55,03|
|H010|000000002222378049|PÇ|1|83,52|83,52|0|||0000020008|83,52|
|H010|000000002222379728|PÇ|13|40,87|531,31|0|||0000020008|531,31|
|H010|000000002222380531|PÇ|7|225,92|1581,44|0|||0000020008|1581,44|
|H010|000000002222388345|PÇ|1|390,45|390,45|0|||0000020008|390,45|
|H010|000000002222389102|PÇ|2|240,65|481,3|0|||0000020008|481,3|
|H010|000000002222390516|PÇ|2|55,01|110,02|0|||0000020008|110,02|
|H010|000000002222390517|PÇ|8|35,33|282,64|0|||0000020008|282,64|
|H010|000000002222391007|PÇ|1|195,15|195,15|0|||0000020008|195,15|
|H010|000000002222391250|PÇ|1|497,98|497,98|0|||0000020008|497,98|
|H010|000000002222391514|PÇ|2|608,51|1217,02|0|||0000020008|1217,02|
|H010|000000002222391892|PÇ|3|331,11|993,33|0|||0000020008|993,33|
|H010|000000002222393493|PÇ|1|376,43|376,43|0|||0000020008|376,43|
|H010|000000002222401416|PÇ|1|170,45|170,45|0|||0000020008|170,45|
|H010|000000002222401883|PÇ|26|20,018077|520,47|0|||0000020008|520,47|
|H010|000000002222402234|PÇ|5|29,33|146,65|0|||0000020008|146,65|
|H010|000000002222402372|PÇ|1|367,49|367,49|0|||0000020008|367,49|
|H010|000000002222404385|PÇ|1|1157,15|1157,15|0|||0000020008|1157,15|
|H010|000000002222405716|PÇ|2|13,57|27,14|0|||0000020008|27,14|
|H010|000000002222405717|PÇ|2|44,72|89,44|0|||0000020008|89,44|
|H010|000000002222405862|PÇ|2|559,12|1118,24|0|||0000020008|1118,24|
|H010|000000002222405991|PÇ|2|24,73|49,46|0|||0000020008|49,46|
|H010|000000002222406768|PÇ|1|80,25|80,25|0|||0000020008|80,25|
|H010|000000002222407428|PÇ|2|387,52|775,04|0|||0000020008|775,04|
|H010|000000002222409620|PÇ|1|432,95|432,95|0|||0000020008|432,95|
|H010|000000002222410729|PÇ|2|24,64|49,28|0|||0000020008|49,28|
|H010|000000002222410730|PÇ|2|24,64|49,28|0|||0000020008|49,28|
|H010|000000002222412882|PÇ|1|616,51|616,51|0|||0000020008|616,51|
|H010|000000002222414936|PÇ|1|5980,28|5980,28|0|||0000020008|5980,28|
|H010|000000002222418749|PÇ|2|156,6|313,2|0|||0000020008|313,2|
|H010|000000002222420594|PÇ|1|340,65|340,65|0|||0000020008|340,65|
|H010|000000002222422316|PÇ|1|889,01|889,01|0|||0000020008|889,01|
|H010|000000002222423226|PÇ|5|27,77|138,85|0|||0000020008|138,85|
|H010|000000002222424303|PÇ|1|3870,84|3870,84|0|||0000020008|3870,84|
|H010|000000002222425371|PÇ|2|33,83|67,66|0|||0000020008|67,66|
|H010|000000002222426691|PÇ|3|72,59|217,77|0|||0000020008|217,77|
|H010|000000002222429010|PÇ|1|550,45|550,45|0|||0000020008|550,45|
|H010|000000002222429758|PÇ|5|9,65|48,25|0|||0000020008|48,25|
|H010|000000002222433072|PÇ|2|823,69|1647,38|0|||0000020008|1647,38|
|H010|000000002222433246|PÇ|2|656,785|1313,57|0|||0000020008|1313,57|
|H010|000000002222436123|PÇ|1|250,2|250,2|0|||0000020008|250,2|
|H010|000000002222437710|PÇ|2|318,13|636,26|0|||0000020008|636,26|
|H010|000000002222442563|PÇ|1|2228,76|2228,76|0|||0000020008|2228,76|
|H010|000000002222444664|PÇ|1|3473,07|3473,07|0|||0000020008|3473,07|
|H010|000000002222445449|PÇ|2|1200|2400|0|||0000020008|2400|
|H010|000000002222450175|PÇ|3|41,68|125,04|0|||0000020008|125,04|
|H010|000000002222450177|PÇ|1|599,2|599,2|0|||0000020008|599,2|
|H010|000000002222450179|PÇ|1|551,68|551,68|0|||0000020008|551,68|
|H010|000000002222450180|PÇ|9|5,28|47,52|0|||0000020008|47,52|
|H010|000000002222450204|PÇ|2|665,04|1330,08|0|||0000020008|1330,08|
|H010|000000002222450205|PÇ|1|850,9|850,9|0|||0000020008|850,9|
|H010|000000002222450236|PÇ|1|895,67|895,67|0|||0000020008|895,67|
|H010|000000002222450237|PÇ|1|748,55|748,55|0|||0000020008|748,55|
|H010|000000002222451605|PÇ|1|4496,79|4496,79|0|||0000020008|4496,79|
|H010|000000002222452673|PÇ|1|1163,42|1163,42|0|||0000020008|1163,42|
|H010|000000002222453056|PÇ|1|2200,2|2200,2|0|||0000020008|2200,2|
|H010|000000002222453086|PÇ|1|1897,24|1897,24|0|||0000020008|1897,24|
|H010|000000002222454306|PÇ|4|325,36|1301,44|0|||0000020008|1301,44|
|H010|000000002222457073|PÇ|19|13,93|264,67|0|||0000020008|264,67|
|H010|000000002222457238|PÇ|2|456,01|912,02|0|||0000020008|912,02|
|H010|000000002222457585|PÇ|3|119,743333|359,23|0|||0000020008|359,23|
|H010|000000002222457586|PÇ|1|347,82|347,82|0|||0000020008|347,82|
|H010|000000002222457595|PÇ|1|347,2|347,2|0|||0000020008|347,2|
|H010|000000002222458086|PÇ|1|66,76|66,76|0|||0000020008|66,76|
|H010|000000002222461536|PÇ|2|445,98|891,96|0|||0000020008|891,96|
|H010|000000002222466236|PÇ|1|1500|1500|0|||0000020008|1500|
|H010|000000002222466264|PÇ|1|1546|1546|0|||0000020008|1546|
|H010|000000002222466295|PÇ|2|1546|3092|0|||0000020008|3092|
|H010|000000002222466296|PÇ|1|633,5|633,5|0|||0000020008|633,5|
|H010|000000002222466297|PÇ|1|633,5|633,5|0|||0000020008|633,5|
|H010|000000002222466298|PÇ|1|633,5|633,5|0|||0000020008|633,5|
|H010|000000002222466299|PÇ|1|447,78|447,78|0|||0000020008|447,78|
|H010|000000002222466340|PÇ|3|605|1815|0|||0000020008|1815|
|H010|000000002222466356|PÇ|2|1430|2860|0|||0000020008|2860|
|H010|000000002222466366|PÇ|2|359,7|719,4|0|||0000020008|719,4|
|H010|000000002222466384|PÇ|1|2795,08|2795,08|0|||0000020008|2795,08|
|H010|000000002222466430|PÇ|3|135,57|406,71|0|||0000020008|406,71|
|H010|000000002222466824|PÇ|1|633,78|633,78|0|||0000020008|633,78|
|H010|000000002222466825|PÇ|1|632,62|632,62|0|||0000020008|632,62|
|H010|000000002222468516|PÇ|1|569,75|569,75|0|||0000020008|569,75|
|H010|000000002222468517|PÇ|1|499,34|499,34|0|||0000020008|499,34|
|H010|000000002222468538|PÇ|1|146,84|146,84|0|||0000020008|146,84|
|H010|000000002222468539|PÇ|1|145,23|145,23|0|||0000020008|145,23|
|H010|000000002222468540|PÇ|2|26,885|53,77|0|||0000020008|53,77|
|H010|000000002222468542|PÇ|2|26,63|53,26|0|||0000020008|53,26|
|H010|000000002222468543|PÇ|1|1460,52|1460,52|0|||0000020008|1460,52|
|H010|000000002222468544|PÇ|1|973,16|973,16|0|||0000020008|973,16|
|H010|000000002222468927|PÇ|3|2155,966667|6467,9|0|||0000020008|6467,9|
|H010|000000002222468928|PÇ|1|2336,44|2336,44|0|||0000020008|2336,44|
|H010|000000002222469617|PÇ|1|1660,5|1660,5|0|||0000020008|1660,5|
|H010|000000002222469622|PÇ|1|262,5|262,5|0|||0000020008|262,5|
|H010|000000002222471283|PÇ|1|2432,6|2432,6|0|||0000020008|2432,6|
|H010|000000002222471372|PÇ|1|2236,25|2236,25|0|||0000020008|2236,25|
|H010|000000002222471390|PÇ|1|203,05|203,05|0|||0000020008|203,05|
|H010|000000002222471391|PÇ|2|26,8|53,6|0|||0000020008|53,6|
|H010|109784-000|KG|168,425|127,260858|21433,91|0|||0000020000|21433,91|
|H010|123964-100|PÇ|85447|0,121905|10416,44|0|||0000020000|10416,44|
|H010|915066-200|CM|65001,91|0,001762|114,54|0|||0000020716|114,54|
|H010|920058-201|PÇ|14103|0,497099|7010,59|0|||0000020738|7010,59|
|H010|961828-200|PÇ|44347|0,019129|848,31|0|||0000020716|848,31|
|H010|964500-100|PÇ|16987|0,065297|1109,2|0|||0000020737|1109,2|
|H010|974600-102|PÇ|34921|0,445682|15563,65|0|||0000020000|15563,65|
|H010|980610-100|KG|154,423|84,231753|13007,32|0|||0000020000|13007,32|
|H010|981589-100|PÇ|64386|0,243127|15653,95|0|||0000020000|15653,95|
|H010|995687-105|PÇ|67155|0,361479|24275,15|0|||0000020729|24275,15|
|H010|997771-250|PÇ|214008|0,26662|57058,82|0|||0000020000|57058,82|
|H010|A00033-100|PÇ|43042|0,113191|4871,95|0|||0000020716|4871,95|
|H010|A00450-110|PÇ|48299|0,307195|14837,21|0|||0000020730|14837,21|
|H010|A00472-110|PÇ|32333|0,172144|5565,92|0|||0000020730|5565,92|
|H010|A17264-110|CM|2830871,5|0,002283|6462,26|0|||0000020716|6462,26|
|H010|A66435-110|PÇ|59034|0,192641|11372,37|0|||0000020729|11372,37|
|H010|A71797-110|PÇ|13156|0,272403|3583,74|0|||0000020738|3583,74|
|H010|A71798-110|PÇ|30570|0,363347|11107,52|0|||0000020738|11107,52|
|H010|C04714-100|PÇ|39766|0,190869|7590,1|0|||0000020000|7590,1|
|H010|C20190-100|PÇ|12359|0,731693|9042,99|0|||0000020000|9042,99|
|H010|C21414-100|PÇ|54999|0,266756|14671,32|0|||0000020000|14671,32|
|H010|C36380-101|PÇ|102789|0,174566|17943,49|0|||0000020738|17943,49|
|H010|C38209-100|PÇ|102733|0,229248|23551,3|0|||0000020000|23551,3|
|H010|C38999-100|PÇ|15273|0,360024|5498,64|0|||0000020000|5498,64|
|H010|C48015-100|PÇ|26579|0,581952|15467,71|0|||0000020000|15467,71|
|H010|C52885-102|PÇ|90|206,864556|18617,81|0|||0000022000|18617,81|
|H010|C52886-100|PÇ|676|11,122796|7519,01|0|||0000020738|7519,01|
|H010|C57113-130|PÇ|143|173,29042|24780,53|0|||0000020000|24780,53|
|H010|C67298-100|PÇ|1044|48,1625|50281,65|0|||0000020000|50281,65|
|H010|C83899-101|PÇ|34825|0,293791|10231,28|0|||0000020000|10231,28|
|H010|C86145-100|PÇ|7235|3,530955|25546,46|0|||0000020000|25546,46|
|H010|C86146-100|PÇ|5507|3,664785|20181,97|0|||0000020000|20181,97|
|H010|C86161-103|PÇ|5683|4,953667|28151,69|0|||0000020000|28151,69|
|H010|C86162-103|PÇ|6765|4,926415|33327,2|0|||0000020000|33327,2|
|H010|C86163-107|PÇ|5879|4,925941|28959,61|0|||0000020000|28959,61|
|H010|C86164-107|PÇ|6121|4,92147|30124,32|0|||0000020000|30124,32|
|H010|C86165-100|PÇ|11678|2,211025|25820,35|0|||0000020000|25820,35|
|H010|C86166-100|PÇ|5172|2,054642|10626,61|0|||0000020000|10626,61|
|H010|C86180-100|PÇ|23956|0,709378|16993,87|0|||0000020000|16993,87|
|H010|E17690-100|PÇ|2050|70,039356|143580,68|0|||0000020000|143580,68|
|H010|E17699-100|PÇ|1734|69,936517|121269,92|0|||0000020000|121269,92|
|H010|E17700-100|PÇ|2467|70,026948|172756,48|0|||0000020000|172756,48|
|H010|E17701-100|PÇ|1711|70,002198|119773,76|0|||0000020000|119773,76|
|H010|E24827-102|PÇ|370|100,855865|37316,67|0|||0000022000|37316,67|
|H010|E24828-102|PÇ|36|99,682222|3588,56|0|||0000022000|3588,56|
|H010|E24829-102|PÇ|407|102,573489|41747,41|0|||0000022000|41747,41|
|H010|E24830-102|PÇ|245|102,642939|25147,52|0|||0000022000|25147,52|
|H010|E33455-100|PÇ|354|4,935452|1747,15|0|||0000020000|1747,15|
|H010|E33456-100|PÇ|1379|4,951501|6828,12|0|||0000020000|6828,12|
|H010|E33457-100|PÇ|3253|6,455106|20998,46|0|||0000020000|20998,46|
|H010|E33458-100|PÇ|2277|6,440953|14666,05|0|||0000020000|14666,05|
|H010|E35193-101|PÇ|7|12,721429|89,05|0|||0000021000|89,05|
|H010|E35194-101|PÇ|511|12,882387|6582,9|0|||0000021000|6582,9|
|H010|E35195-101|PÇ|89|9,42573|838,89|0|||0000021000|838,89|
|H010|E35196-101|PÇ|297|9,114714|2707,07|0|||0000021000|2707,07|
|H010|E35197-100|PÇ|2683|7,256086|19468,08|0|||0000021000|19468,08|
|H010|E35198-100|PÇ|3411|7,289252|24863,64|0|||0000021000|24863,64|
|H010|E35199-100|PÇ|2288|5,287649|12098,14|0|||0000021000|12098,14|
|H010|E35200-100|PÇ|5393|5,114548|27582,76|0|||0000021000|27582,76|
|H010|E35554-102|PÇ|2793|1,948922|5443,34|0|||0000021000|5443,34|
|H010|E35576-102|PÇ|6498|1,951196|12678,87|0|||0000021000|12678,87|
|H010|E35581-101|PÇ|4638|1,440893|6682,86|0|||0000021000|6682,86|
|H010|E35583-101|PÇ|7979|1,474291|11763,37|0|||0000021000|11763,37|
|H010|E35585-102|PÇ|5260|1,906093|10026,05|0|||0000021000|10026,05|
|H010|E35588-102|PÇ|5951|1,874929|11157,7|0|||0000021000|11157,7|
|H010|E35590-102|PÇ|3520|1,699847|5983,46|0|||0000021000|5983,46|
|H010|E35592-102|PÇ|5901|1,641152|9684,44|0|||0000021000|9684,44|
|H010|E44608-000|KG|21711,5|6,656516|144522,95|1|V0000044990||0000020000|144522,95|
|H010|E44609-000|KG|8095,58|6,911437|55952,09|1|V0000044990||0000020000|55952,09|
|H010|E51399-101|PÇ|445|19,357124|8613,92|0|||0000020738|8613,92|
|H010|E51524-101|PÇ|368|182,997418|67343,05|0|||0000022000|67343,05|
|H010|E52065-100|PÇ|419|11,78031|4935,95|0|||0000020738|4935,95|
|H010|E64356-104|PÇ|528|20,915208|11043,23|0|||0000022000|11043,23|
|H010|E66858-100|PÇ|20862|0,244387|5098,4|0|||0000020000|5098,4|
|H010|E69688-100|PÇ|16200|0,143241|2320,5|0|||0000020000|2320,5|
|H010|E70989-104|PÇ|768|21,089336|16196,61|0|||0000022000|16196,61|
|H010|E70990-104|PÇ|480|20,7345|9952,56|0|||0000022000|9952,56|
|H010|E70991-104|PÇ|1008|20,976925|21144,74|0|||0000022000|21144,74|
|H010|E71017-103|PÇ|3410|5,360537|18279,43|0|||0000020000|18279,43|
|H010|E71018-103|PÇ|2632|5,361007|14110,17|0|||0000020000|14110,17|
|H010|E71021-100|PÇ|3420|3,364749|11507,44|0|||0000021000|11507,44|
|H010|E71022-100|PÇ|3724|3,373883|12564,34|0|||0000021000|12564,34|
|H010|E71025-100|PÇ|3616|3,140296|11355,31|0|||0000021000|11355,31|
|H010|E71026-100|PÇ|2633|3,155549|8308,56|0|||0000021000|8308,56|
|H010|E71027-103|PÇ|3432|3,626387|12445,76|0|||0000020738|12445,76|
|H010|E71028-103|PÇ|3124|3,627298|11331,68|0|||0000020738|11331,68|
|H010|E71030-100|PÇ|10518|1,204648|12670,49|0|||0000021000|12670,49|
|H010|E71031-101|PÇ|16639|0,887231|14762,64|0|||0000021000|14762,64|
|H010|E71036-101|PÇ|14188|1,00541|14264,76|0|||0000021000|14264,76|
|H010|E71429-100|PÇ|1359|0|0|0|||0000020000|0|
|H010|E71430-100|PÇ|1601|0|0|0|||0000020000|0|
|H010|E71432-100|PÇ|70|23,960857|1677,26|0|||0000020000|1677,26|
|H010|E71435-100|PÇ|63|23,817778|1500,52|0|||0000020000|1500,52|
|H010|E71499-100|PÇ|2132|0|0|0|||0000020000|0|
|H010|E71500-100|PÇ|1715|0|0|0|||0000020000|0|
|H010|E87996-100|PÇ|679|4,412563|2996,13|0|||0000021000|2996,13|
|H010|E87997-100|PÇ|320|4,405563|1409,78|0|||0000021000|1409,78|
|H010|E87998-100|PÇ|599|4,199349|2515,41|0|||0000021000|2515,41|
|H010|E87999-100|PÇ|1301|4,178816|5436,64|0|||0000021000|5436,64|
|H010|E96458-102|PÇ|5955|8,047498|47922,85|0|||0000020755|47922,85|
|H010|E96460-102|PÇ|5794|8,069399|46754,1|0|||0000020755|46754,1|
|H010|E96462-102|PÇ|3927|8,411673|33032,64|0|||0000020755|33032,64|
|H010|E96464-102|PÇ|3544|8,394611|29750,5|0|||0000020755|29750,5|
|H010|G02063-101|PÇ|1|190,16|190,16|0|||0000022000|190,16|
|H010|G07255-100|PÇ|6337|10,080639|63881,01|0|||0000020000|63881,01|
|H010|G07261-100|PÇ|26099|0,650998|16990,39|0|||0000020000|16990,39|
|H010|G07788-101|PÇ|29440|0,186113|5479,17|0|||0000020000|5479,17|
|H010|G08392-100|PÇ|19872|132,732153|2637653,35|0|||0000020000|2637653,35|
|H010|G08393-100|PÇ|16940|140,073625|2372847,2|0|||0000020000|2372847,2|
|H010|G12291-100|PÇ|44|305,860227|13457,85|0|||0000022000|13457,85|
|H010|G13543-000|KG|1940|6,928082|13440,48|0|||0000020000|13440,48|
|H010|G13543-000|KG|7112,194|6,928083|49273,87|1|V0000044990||0000020000|49273,87|
|H010|G13544-000|KG|9311,643|6,865132|63925,66|1|V0000044990||0000020000|63925,66|
|H010|G14186-100|PÇ|63|245,675397|15477,55|0|||0000020746|15477,55|
|H010|G20549-103|PÇ|2256|3,928395|8862,46|0|||0000020738|8862,46|
|H010|G20550-103|PÇ|1593|3,936378|6270,65|0|||0000020738|6270,65|
|H010|G25348-101|PÇ|334|343,263443|114649,99|0|||0000022000|114649,99|
|H010|G25440-100|PÇ|3189|232,93878|742841,77|0|||0000020000|742841,77|
|H010|G25442-101|PÇ|1687|25,467404|42963,51|0|||0000020000|42963,51|
|H010|G25949-101|PÇ|69|60,011304|4140,78|0|||0000020000|4140,78|
|H010|G25949-102|PÇ|1533|47,709335|73138,41|0|||0000020000|73138,41|
|H010|G26425-100|PÇ|2000|11,138|22276|0|||0000020000|22276|
|H010|G30129-100|PÇ|67646|0,376332|25457,38|0|||0000020000|25457,38|
|H990|339|
|K001|0|
|K010|0|
|K990|3|
|1001|0|
|1010|N|N|N|N|N|N|N|N|N|N|N|N|N|
|1990|3|
|9001|0|
|9900|0000|1|
|9900|0001|1|
|9900|0002|1|
|9900|0005|1|
|9900|0100|1|
|9900|0150|56|
|9900|0190|7|
|9900|0200|420|
|9900|0220|113|
|9900|0300|151|
|9900|0305|151|
|9900|0400|16|
|9900|0450|49|
|9900|0460|19|
|9900|0500|6|
|9900|0600|6|
|9900|0990|1|
|9900|B001|1|
|9900|B990|1|
|9900|C001|1|
|9900|C100|482|
|9900|C110|1479|
|9900|C113|9|
|9900|C170|590|
|9900|C190|515|
|9900|C195|85|
|9900|C500|1|
|9900|C590|1|
|9900|C990|1|
|9900|D001|1|
|9900|D100|157|
|9900|D190|157|
|9900|D195|157|
|9900|D990|1|
|9900|E001|1|
|9900|E100|1|
|9900|E110|1|
|9900|E111|3|
|9900|E113|2|
|9900|E116|1|
|9900|E200|1|
|9900|E210|1|
|9900|E300|1|
|9900|E310|1|
|9900|E500|1|
|9900|E510|38|
|9900|E520|1|
|9900|E990|1|
|9900|G001|1|
|9900|G110|1|
|9900|G125|151|
|9900|G990|1|
|9900|H001|1|
|9900|H005|1|
|9900|H010|336|
|9900|H990|1|
|9900|K001|1|
|9900|K010|1|
|9900|K990|1|
|9900|1001|1|
|9900|1010|1|
|9900|1990|1|
|9900|9001|1|
|9900|9990|1|
|9900|9999|1|
|9900|9900|66|
|9990|69|
|9999|5261|
