|0000|017|0|01102023|31102023|Brose do Brasil Ltda|02258243000400||MG|0673878420080|3106705|105871001||B|0|
|0001|0|
|0002|00|
|0005|BROSE DO BRASIL LTDA|32530490|Av. Contorno da Fiat|1300||Dist.Industrial Paulo Camilo Pena|03135916832|03135916832||
|0100|Celeste Clerici Ramos Druszcz|02081142970|PR 44908/O|||||||||celeste.druszcz@brose.com|4125506|
|0150|C0000001937|Fiat Automoveis Ltda.|1058|16701716000156||0671233540032|3106705|000000000|Avenida Contorno, 3455|3455||Bairro Paulo Camilo|
|0150|B00310001|Brose do Brasil Ltda|1058|02258243000150||9016540932|4125506||Rua Max Brose, BR 376, km 625/626|171||Campo Largo da Roseira|
|0150|V0002000031|Brose do Brasil Ltda.|1058|02258243000150||9016540932|4125506||Rua Max Brose|171||Campo Largo da Roseira|
|0150|C0001000031|Brose Do Brasil Ltda. (BR 376, km 625/626)|1058|02258243000150||9016540932|4125506|000000000|Rua Max Brose|171||Campo Largo da Roseira|
|0150|B0000310001|Brose do Brasil Ltda|1058|02258243000150||9016540932|4125506||Rua Max Brose, BR 376, km 625/626|171||Campo Largo da Roseira|
|0190|PÇ|Peça|
|0190|M|Metro|
|0200|3044FI-000|VHM TOY-DECK-M-KU-BLA-1.230-1.03|||PÇ|02|39231090||39||18||
|0220|PÇ|1||
|0200|3044J2-000|GLT FOR-KLBE-M-KU-___-1.200-1.000- 975|||PÇ|02|39231090||39||18||
|0220|PÇ|1||
|0200|930776-100|Encosto FH-S_-SON-SONST-FUEGEN-BW256-_|||PÇ|01|39263000||39||18|0100500|
|0200|972056-100|ESPUMA ANTI-RUIDO|||PÇ|01|39263000||39||18|0100500|
|0200|C63442-106|Acion.vid jan ES-EL-OE-LI-AN-LL-341__-N|||PÇ|03|87082999||87||18||
|0220|PÇ|1||
|0200|C63443-106|Acion.vid jan ES-EL-OE-RE-AN-LL-341__-N|||PÇ|03|87082999||87||18||
|0220|PÇ|1||
|0200|C63444-104|Acion.vid jan ES-MA-OE-LI-AN-LL-341__-N|||PÇ|03|87082999||87||18||
|0220|PÇ|1||
|0200|C63445-104|Acion.vid jan ES-MA-OE-RE-AN-LL-341__-N|||PÇ|03|87082999||87||18||
|0220|PÇ|1||
|0200|C63446-106|Acion.vid jan ES-MA-OE-LI-AN-LL-341__-N|||PÇ|03|87082999||87||18||
|0220|PÇ|1||
|0200|C63447-106|Acion.vid jan ES-MA-OE-RE-AN-LL-341__-N|||PÇ|03|87082999||87||18||
|0220|PÇ|1||
|0200|E01927-000|Fita adesiva THERMOKLEBEBAND_|||M|04|70195100||70||18||
|0200|E46961-102|Acion.vid jan ES-EL-OE-RE-AN-LL-199__-N|||PÇ|03|87082999||87||18||
|0220|PÇ|1||
|0200|E46961-103|Acion.vid jan ES-EL-OE-RE-AN-LL-199__-N|||PÇ|03|87082999||87||18||
|0220|PÇ|1||
|0200|E46962-102|Acion.vid jan ES-EL-OE-LI-AN-LL-199__-N|||PÇ|03|87082999||87||18||
|0220|PÇ|1||
|0200|E46962-103|Acion.vid jan ES-EL-OE-LI-AN-LL-199__-N|||PÇ|03|87082999||87||18||
|0220|PÇ|1||
|0200|E46965-101|Acion.vid jan ES-EL-OE-RE-AN-LL-X6H__-N|||PÇ|03|87082999||87||18||
|0220|PÇ|1||
|0200|E46965-102|Acion.vid jan ES-EL-OE-RE-AN-LL-X6H__-N|||PÇ|03|87082999||87||18||
|0220|PÇ|1||
|0200|E46966-102|Acion.vid jan ES-EL-OE-LI-AN-LL-X6H__-N|||PÇ|03|87082999||87||18||
|0220|PÇ|1||
|0200|E46969-102|Acion.vid jan ES-MA-NA-RE-OA-LL-199__-N|||PÇ|03|87082999||87||18||
|0220|PÇ|1||
|0200|E46970-102|Acion.vid jan ES-MA-NA-LI-OA-LL-199__-N|||PÇ|03|87082999||87||18||
|0220|PÇ|1||
|0200|E47181-101|Acion.vid jan ES-EL-OE-RE-AN-LL-341__-N|||PÇ|03|87082999||87||18||
|0220|PÇ|1||
|0200|E47181-104|Acion.vid jan ES-EL-OE-RE-AN-LL-341__-N|||PÇ|03|87082999||87||18||
|0220|PÇ|1||
|0200|E47182-104|Acion.vid jan ES-EL-OE-LI-AN-LL-341__-N|||PÇ|03|87082999||87||18||
|0220|PÇ|1||
|0400|2151/AA|Transferência para industrialização|
|0400|2920/AA|Entrada de vasilhame ou sacaria|
|0400|1949/AA|Outra ent. merc. prest. serv. não especificada|
|0450|000001|Diferimento conforme Regime Especial|
|0450|000002|Resolução do Senado Federal nº 13/12, Número da FCI BF43F248-3C3D-4555-96A7-9E35253A0D59|
|0450|000003|Resolução do Senado Federal nº 13/12, Número da FCI 808F6D4A-CBBB-40D7-B672-DD7C77F05475|
|0450|000004|Resolução do Senado Federal nº 13/12, Número da FCI D404EBC2-D25E-41B9-9F76-37D21AA62032|
|0450|000005|Resolução do Senado Federal nº 13/12, Número da FCI F57BBF7C-BAB3-46C9-91E5-A17158673759|
|0450|000006|Resolução do Senado Federal nº 13/12, Número da FCI 0967AED4-0814-48E4-8661-D0493CBE9D58|
|0450|000007|Resolução do Senado Federal nº 13/12, Número da FCI 82257A1A-34A3-44AC-A4C6-BD2796667374|
|0450|000008|Resolução do Senado Federal nº 13/12, Número da FCI FD54CC3B-8090-4384-81D9-85FD38532567|
|0450|000009|Resolução do Senado Federal nº 13/12, Número da FCI 026A9EF5-9A6C-45F4-9037-0ACEF1797176|
|0450|000010|Resolução do Senado Federal nº 13/12, Número da FCI F48E06FC-A514-44E5-A569-0AB700160014|
|0450|000011|Resolução do Senado Federal nº 13/12, Número da FCI 2ED70304-9B81-4210-B612-68B3C0026114|
|0450|000012|Resolução do Senado Federal nº 13/12, Número da FCI BE72E126-B20B-42DD-9C58-EF8D58FEDB13|
|0450|000013|Resolução do Senado Federal nº 13/12, Número da FCI 2ED11424-AE85-4490-AA12-8A11DE663075|
|0450|000014|IPI - Suspenso cfe. Art 136-Inc III Dec7212|
|0450|000015|Isento ou não sujeito a ICMS|
|0450|000016|Anexo 1, parte 1, item 105 RICMS/MG|
|0450|000017|IPI - Suspenso cfe. Art.43 Dec. 7212/2010|
|0450|000018|COFINS sem incidencia cfe. Art. º 6 Lei 10833/03|
|0450|000019|PIS sem incidencia cfe.Art. º 5 Lei 10637/02|
|0450|000020|COFINS isento cfe. Art º 1º Par 3º item I Lei 10833/03|
|0450|000021|PIS isento cfe. Art º 1º Par 3º item I Lei 10637/02|
|0450|000022|IPI - Suspenso cfe. Art. 43° Decreto 7212/10|
|0990|81|
|B001|1|
|B990|2|
|C001|0|
|C100|1|0|C0000001937|55|00|002|213305|31231002258243000400550020002133051551533268|03102023|03102023|9122,62|1|0|0|8835,48|0|0|0|0|8835,48|795,2|0|0|287,14|145,78|671,5|8,84|44,18|
|C110|000001||
|C110|000002||
|C110|000003||
|C110|000004||
|C110|000005||
|C110|000006||
|C110|000007||
|C190|351|5101|18|9122,62|8835,48|795,2|0|0|0|287,14||
|C100|1|0|C0000001937|55|00|002|213306|31231002258243000400550020002133061541713180|03102023|03102023|24103,98|1|0|0|23345,28|0|0|0|0|23345,36|2101,08|0|0|758,7|385,2|1774,24|23,34|116,72|
|C110|000001||
|C110|000008||
|C110|000002||
|C110|000003||
|C110|000009||
|C110|000010||
|C110|000004||
|C110|000011||
|C110|000005||
|C110|000012||
|C110|000006||
|C110|000007||
|C110|000013||
|C190|351|5101|18|16109,72|15602,72|1404,24|0|0|0|507,06||
|C190|551|5101|18|7994,26|7742,64|696,84|0|0|0|251,64||
|C100|1|0|C0000001937|55|00|002|213307|31231002258243000400550020002133071652350902|03102023|03102023|16974,52|1|0|0|16440,22|0|0|0|0|16440,32|1479,62|0|0|534,3|271,24|1249,46|16,44|82,2|
|C110|000001||
|C110|000008||
|C110|000002||
|C110|000003||
|C110|000009||
|C110|000010||
|C110|000004||
|C110|000011||
|C110|000005||
|C110|000012||
|C110|000006||
|C110|000007||
|C110|000013||
|C190|351|5101|18|12418,02|12027,2|1082,44|0|0|0|390,88||
|C190|551|5101|18|4556,5|4413,12|397,18|0|0|0|143,42||
|C100|1|0|C0000001937|55|00|002|213308|31231002258243000400550020002133081343993318|03102023|03102023|16427,94|1|0|0|15910,84|0|0|0|0|15910,92|1431,96|0|0|517,1|262,52|1209,24|15,9|79,56|
|C110|000001||
|C110|000008||
|C110|000002||
|C110|000003||
|C110|000009||
|C110|000010||
|C110|000004||
|C110|000011||
|C110|000005||
|C110|000012||
|C110|000006||
|C110|000007||
|C110|000013||
|C190|351|5101|18|12663,94|12265,36|1103,86|0|0|0|398,62||
|C190|551|5101|18|3764|3645,56|328,1|0|0|0|118,48||
|C100|1|0|C0000001937|55|00|002|213309|31231002258243000400550020002133091529388470|03102023|03102023|17069,58|1|0|0|16532,3|0|0|0|0|16532,36|1487,88|0|0|537,28|272,8|1256,46|16,52|82,68|
|C110|000001||
|C110|000008||
|C110|000002||
|C110|000003||
|C110|000009||
|C110|000004||
|C110|000005||
|C110|000012||
|C110|000010||
|C110|000011||
|C110|000013||
|C190|351|5101|18|13813,26|13378,52|1204,06|0|0|0|434,78||
|C190|551|5101|18|3256,32|3153,84|283,82|0|0|0|102,5||
|C100|1|0|C0000001937|55|00|002|213310|31231002258243000400550020002133101038401370|03102023|03102023|17374,6|1|0|0|16827,7|0|0|0|0|16827,8|1514,48|0|0|546,9|277,66|1278,92|16,84|84,14|
|C110|000001||
|C110|000008||
|C110|000002||
|C110|000003||
|C110|000009||
|C110|000004||
|C110|000005||
|C110|000012||
|C110|000006||
|C110|000007||
|C110|000010||
|C110|000011||
|C110|000013||
|C190|351|5101|18|11751,62|11381,76|1024,34|0|0|0|369,9||
|C190|551|5101|18|5622,98|5446,04|490,14|0|0|0|177||
|C100|1|0|C0000001937|55|00|002|213311|31231002258243000400550020002133111304240105|03102023|03102023|13787,22|1|0|0|13353,26|0|0|0|0|13353,36|1201,8|0|0|433,96|220,34|1014,86|13,36|66,76|
|C110|000001||
|C110|000008||
|C110|000002||
|C110|000003||
|C110|000009||
|C110|000004||
|C110|000005||
|C110|000012||
|C110|000006||
|C110|000007||
|C110|000010||
|C110|000011||
|C110|000013||
|C190|351|5101|18|9729,36|9423,16|848,08|0|0|0|306,24||
|C190|551|5101|18|4057,86|3930,2|353,72|0|0|0|127,72||
|C100|1|0|C0000001937|55|00|002|213312|31231002258243000400550020002133121531841549|03102023|03102023|15659,56|1|0|0|15166,66|0|0|0|0|15166,72|1364,98|0|0|492,9|250,26|1152,66|15,14|75,84|
|C110|000001||
|C110|000008||
|C110|000002||
|C110|000003||
|C110|000009||
|C110|000004||
|C110|000005||
|C110|000012||
|C110|000010||
|C110|000011||
|C110|000013||
|C190|351|5101|18|10088,24|9770,72|879,36|0|0|0|317,54||
|C190|551|5101|18|5571,32|5396|485,62|0|0|0|175,36||
|C100|1|0|C0000001937|55|00|002|213313|31231002258243000400550020002133131139308904|03102023|03102023|14373,64|1|0|0|13921,22|0|0|0|0|13921,28|1252,9|0|0|452,42|229,7|1057,98|13,9|69,58|
|C110|000001||
|C110|000008||
|C110|000002||
|C110|000003||
|C110|000009||
|C110|000004||
|C110|000005||
|C110|000012||
|C110|000006||
|C110|000007||
|C110|000010||
|C110|000011||
|C110|000013||
|C190|351|5101|18|7767,06|7522,6|677,04|0|0|0|244,48||
|C190|551|5101|18|6606,58|6398,68|575,86|0|0|0|207,94||
|C100|1|0|C0000001937|55|00|002|213314|31231002258243000400550020002133141127565629|03102023|03102023|16190,72|1|0|0|15681,1|0|0|0|0|15681,2|1411,3|0|0|509,62|258,74|1191,74|15,68|78,4|
|C110|000001||
|C110|000008||
|C110|000002||
|C110|000003||
|C110|000009||
|C110|000004||
|C110|000005||
|C110|000012||
|C110|000006||
|C110|000007||
|C110|000010||
|C110|000011||
|C110|000013||
|C190|351|5101|18|12743,3|12342,24|1110,8|0|0|0|401,1||
|C190|551|5101|18|3447,42|3338,96|300,5|0|0|0|108,52||
|C100|1|0|C0000001937|55|00|002|213315|31231002258243000400550020002133151191087977|03102023|03102023|12341,26|1|0|0|11952,8|0|0|0|0|11952,84|1075,74|0|0|388,46|197,24|908,42|11,96|59,76|
|C110|000001||
|C110|000008||
|C110|000009||
|C110|000002||
|C110|000012||
|C110|000003||
|C110|000006||
|C110|000007||
|C110|000010||
|C110|000004||
|C110|000011||
|C110|000013||
|C110|000005||
|C190|351|5101|18|7245|7016,96|631,52|0|0|0|228,06||
|C190|551|5101|18|5096,26|4935,88|444,22|0|0|0|160,4||
|C100|1|0|C0000001937|55|00|002|213316|31231002258243000400550020002133161826330110|03102023|03102023|5376,2|1|0|0|5206,98|0|0|0|0|5207|468,62|0|0|169,22|85,92|395,72|5,2|26,02|
|C110|000001||
|C110|000002||
|C110|000003||
|C110|000004||
|C110|000005||
|C190|351|5101|18|5376,2|5207|468,62|0|0|0|169,22||
|C100|1|0|C0000001937|55|00|002|213317|31231002258243000400550020002133171451238176|03102023|03102023|13867,12|1|0|0|13430,64|0|0|0|0|13430,68|1208,74|0|0|436,48|221,62|1020,74|13,46|67,16|
|C110|000001||
|C110|000008||
|C110|000009||
|C110|000002||
|C110|000003||
|C110|000006||
|C110|000007||
|C110|000010||
|C110|000004||
|C110|000011||
|C110|000005||
|C110|000012||
|C110|000013||
|C190|351|5101|18|9534,78|9234,68|831,1|0|0|0|300,12||
|C190|551|5101|18|4332,34|4196|377,64|0|0|0|136,36||
|C100|1|0|C0000001937|55|00|002|213318|31231002258243000400550020002133181223754827|03102023|03102023|14785,26|1|0|0|14319,88|0|0|0|0|14319,96|1288,78|0|0|465,38|236,28|1088,32|14,34|71,62|
|C110|000001||
|C110|000008||
|C110|000009||
|C110|000002||
|C110|000003||
|C110|000010||
|C110|000004||
|C110|000011||
|C110|000005||
|C190|351|5101|18|9548,36|9247,88|832,3|0|0|0|300,54||
|C190|551|5101|18|5236,9|5072,08|456,48|0|0|0|164,84||
|C100|1|0|C0000001937|55|00|002|213319|31231002258243000400550020002133191687985743|04102023|04102023|15921,18|1|0|0|15420,06|0|0|0|0|15420,16|1387,82|0|0|501,12|254,42|1171,92|15,44|77,08|
|C110|000001||
|C110|000008||
|C110|000009||
|C110|000002||
|C110|000003||
|C110|000010||
|C110|000004||
|C110|000011||
|C110|000005||
|C110|000012||
|C110|000013||
|C190|351|5101|18|11033,84|10686,6|961,8|0|0|0|347,3||
|C190|551|5101|18|4887,34|4733,56|426,02|0|0|0|153,82||
|C100|1|0|C0000001937|55|00|002|213320|31231002258243000400550020002133201293097823|04102023|04102023|17112,02|1|0|0|16573,4|0|0|0|0|16573,48|1491,58|0|0|538,62|273,46|1259,56|16,58|82,86|
|C110|000001||
|C110|000008||
|C110|000009||
|C110|000002||
|C110|000003||
|C110|000010||
|C110|000004||
|C110|000011||
|C110|000005||
|C110|000012||
|C110|000013||
|C190|351|5101|18|12569,54|12173,96|1095,64|0|0|0|395,64||
|C190|551|5101|18|4542,48|4399,52|395,94|0|0|0|142,98||
|C100|1|0|C0000001937|55|00|002|213321|31231002258243000400550020002133211595216857|04102023|04102023|18239,74|1|0|0|17665,64|0|0|0|0|17665,68|1589,94|0|0|574,1|291,48|1342,58|17,68|88,32|
|C110|000001||
|C110|000008||
|C110|000009||
|C110|000002||
|C110|000003||
|C110|000010||
|C110|000004||
|C110|000011||
|C110|000005||
|C110|000012||
|C110|000013||
|C190|351|5101|18|13930,12|13491,68|1214,26|0|0|0|438,46||
|C190|551|5101|18|4309,62|4174|375,68|0|0|0|135,64||
|C100|1|0|C0000001937|55|00|002|213322|31231002258243000400550020002133221049002511|04102023|04102023|10471,26|1|0|0|10141,66|0|0|0|0|10141,68|912,74|0|0|329,6|167,34|770,78|10,16|50,72|
|C110|000001||
|C110|000002||
|C110|000003||
|C110|000006||
|C110|000007||
|C110|000004||
|C110|000005||
|C190|351|5101|18|10471,26|10141,68|912,74|0|0|0|329,6||
|C100|1|0|C0000001937|55|00|002|213323|31231002258243000400550020002133231079336849|04102023|04102023|17981,86|1|0|0|17415,86|0|0|0|0|17415,92|1567,44|0|0|566|287,36|1323,6|17,42|87,1|
|C110|000001||
|C110|000008||
|C110|000009||
|C110|000002||
|C110|000003||
|C110|000010||
|C110|000004||
|C110|000011||
|C110|000005||
|C110|000012||
|C110|000013||
|C190|351|5101|18|13337,26|12917,48|1162,58|0|0|0|419,8||
|C190|551|5101|18|4644,6|4498,44|404,86|0|0|0|146,2||
|C100|1|0|C0000001937|55|00|002|213324|31231002258243000400550020002133241275849583|04102023|04102023|18526,94|1|0|0|17943,78|0|0|0|0|17943,84|1614,92|0|0|583,16|296,06|1363,74|17,94|89,72|
|C110|000001||
|C110|000008||
|C110|000009||
|C110|000002||
|C110|000003||
|C110|000010||
|C110|000004||
|C110|000011||
|C110|000005||
|C110|000012||
|C110|000013||
|C190|351|5101|18|15596,56|15105,68|1359,5|0|0|0|490,92||
|C190|551|5101|18|2930,38|2838,16|255,42|0|0|0|92,24||
|C100|0|1|B00310001|55|00|002|326091|41231002258243000150550020003260911243060609|03102023|04102023|21534,38|2|0|0|21534,38|1|0|0|0|21534,38|861,38|0|0|0|0|0|0|0|
|C110|000014||
|C170|1|E47181-104|Acion.vid jan ES-EL-OE-RE-AN-LL-341__-N|360|PÇ|21534,38|0|0|300|2151|2151/AA|21534,38|4|861,38|0|0|0|0|05||0|0|0|98|0|0|0|0|0|98|0|0|0|0|0||0|
|C190|300|2151|4|21534,38|21534,38|861,38|0|0|0|0||
|C100|0|1|B00310001|55|00|002|326092|41231002258243000150550020003260921811715250|03102023|04102023|24281,07|2|0|0|24281,07|1|0|0|0|24281,07|2913,73|0|0|0|0|0|0|0|
|C110|000014||
|C170|1|E46965-102|Acion.vid jan ES-EL-OE-RE-AN-LL-X6H__-N|240|PÇ|12136,52|0|0|500|2151|2151/AA|12136,52|12|1456,38|0|0|0|0|05||0|0|0|98|0|0|0|0|0|98|0|0|0|0|0||0|
|C170|2|E46966-102|Acion.vid jan ES-EL-OE-LI-AN-LL-X6H__-N|240|PÇ|12144,55|0|0|500|2151|2151/AA|12144,55|12|1457,35|0|0|0|0|05||0|0|0|98|0|0|0|0|0|98|0|0|0|0|0||0|
|C190|500|2151|12|24281,07|24281,07|2913,73|0|0|0|0||
|C100|0|1|B00310001|55|00|002|326093|41231002258243000150550020003260931169238858|03102023|04102023|60910,02|2|0|0|60910,02|1|0|0|0|60910,02|7309,2|0|0|0|0|0|0|0|
|C110|000014||
|C170|1|E46961-103|Acion.vid jan ES-EL-OE-RE-AN-LL-199__-N|600|PÇ|30344,59|0|0|500|2151|2151/AA|30344,59|12|3641,35|0|0|0|0|05||0|0|0|98|0|0|0|0|0|98|0|0|0|0|0||0|
|C170|2|E46962-103|Acion.vid jan ES-EL-OE-LI-AN-LL-199__-N|600|PÇ|30565,43|0|0|500|2151|2151/AA|30565,43|12|3667,85|0|0|0|0|05||0|0|0|98|0|0|0|0|0|98|0|0|0|0|0||0|
|C190|500|2151|12|60910,02|60910,02|7309,2|0|0|0|0||
|C100|0|1|B00310001|55|00|002|326094|41231002258243000150550020003260941622970427|03102023|04102023|7772,15|2|0|0|7772,15|1|0|0|0|7772,15|932,66|0|0|0|0|0|0|0|
|C110|000014||
|C170|1|E46969-102|Acion.vid jan ES-MA-NA-RE-OA-LL-199__-N|320|PÇ|7772,15|0|0|500|2151|2151/AA|7772,15|12|932,66|0|0|0|0|05||0|0|0|98|0|0|0|0|0|98|0|0|0|0|0||0|
|C190|500|2151|12|7772,15|7772,15|932,66|0|0|0|0||
|C100|0|1|B00310001|55|00|002|326095|41231002258243000150550020003260951122775762|03102023|04102023|21508,65|2|0|0|21508,65|1|0|0|0|21508,65|860,35|0|0|0|0|0|0|0|
|C110|000014||
|C170|1|E47182-104|Acion.vid jan ES-EL-OE-LI-AN-LL-341__-N|360|PÇ|21508,65|0|0|300|2151|2151/AA|21508,65|4|860,35|0|0|0|0|05||0|0|0|98|0|0|0|0|0|98|0|0|0|0|0||0|
|C190|300|2151|4|21508,65|21508,65|860,35|0|0|0|0||
|C100|0|1|B00310001|55|00|002|326096|41231002258243000150550020003260961338868820|03102023|04102023|3899,89|2|0|0|3899,89|1|0|0|0|3899,89|467,99|0|0|0|0|0|0|0|
|C110|000014||
|C170|1|E46970-102|Acion.vid jan ES-MA-NA-LI-OA-LL-199__-N|160|PÇ|3899,89|0|0|500|2151|2151/AA|3899,89|12|467,99|0|0|0|0|05||0|0|0|98|0|0|0|0|0|98|0|0|0|0|0||0|
|C190|500|2151|12|3899,89|3899,89|467,99|0|0|0|0||
|C100|0|1|B00310001|55|00|002|326097|41231002258243000150550020003260971073054941|03102023|04102023|21700,14|2|0|0|21700,14|1|0|0|0|21700,14|2604,02|0|0|0|0|0|0|0|
|C110|000014||
|C170|1|C63446-106|Acion.vid jan ES-MA-OE-LI-AN-LL-341__-N|520|PÇ|14511,73|0|0|500|2151|2151/AA|14511,73|12|1741,41|0|0|0|0|05||0|0|0|98|0|0|0|0|0|98|0|0|0|0|0||0|
|C170|2|C63447-106|Acion.vid jan ES-MA-OE-RE-AN-LL-341__-N|260|PÇ|7188,41|0|0|500|2151|2151/AA|7188,41|12|862,61|0|0|0|0|05||0|0|0|98|0|0|0|0|0|98|0|0|0|0|0||0|
|C190|500|2151|12|21700,14|21700,14|2604,02|0|0|0|0||
|C100|0|1|B00310001|55|00|002|326098|41231002258243000150550020003260981138916320|03102023|04102023|117311,6|2|0|0|117311,6|1|0|0|0|117311,6|4692,46|0|0|0|0|0|0|0|
|C110|000014||
|C170|1|C63442-106|Acion.vid jan ES-EL-OE-LI-AN-LL-341__-N|1080|PÇ|62091|0|0|300|2151|2151/AA|62091|4|2483,64|0|0|0|0|05||0|0|0|98|0|0|0|0|0|98|0|0|0|0|0||0|
|C170|2|C63443-106|Acion.vid jan ES-EL-OE-RE-AN-LL-341__-N|960|PÇ|55220,6|0|0|300|2151|2151/AA|55220,6|4|2208,82|0|0|0|0|05||0|0|0|98|0|0|0|0|0|98|0|0|0|0|0||0|
|C190|300|2151|4|117311,6|117311,6|4692,46|0|0|0|0||
|C100|0|1|V0002000031|55|00|002|326099|41231002258243000150550020003260991027976585|03102023|04102023|36550|2|0|0|36550|0|0|0|0|0|0|0|0|0|0|0|0|0|
|C110|000015||
|C110|000014||
|C170|1|3044J2-000|GLT FOR-KLBE-M-KU-___-1.200-1.000- 975|43|PÇ|36550|0|0|040|2920|2920/AA|0|0|0|0|0|0|0|05||0|0|0|98|0|0|0|0|0|98|0|0|0|0|0||0|
|C190|040|2920|0|36550|0|0|0|0|0|0||
|C100|1|0|C0000001937|55|00|002|213325|31231002258243000400550020002133251251138510|04102023|04102023|16281|1|0|0|15768,54|0|0|0|0|15768,6|1419,18|0|0|512,46|260,18|1198,42|15,78|78,82|
|C110|000001||
|C110|000008||
|C110|000009||
|C110|000002||
|C110|000003||
|C110|000006||
|C110|000007||
|C110|000010||
|C110|000004||
|C110|000011||
|C110|000005||
|C110|000012||
|C110|000013||
|C190|351|5101|18|10857,9|10516,16|946,46|0|0|0|341,76||
|C190|551|5101|18|5423,1|5252,44|472,72|0|0|0|170,7||
|C100|1|0|C0000001937|55|00|002|213326|31231002258243000400550020002133261398896100|04102023|04102023|16459,38|1|0|0|15941,3|0|0|0|0|15941,36|1434,7|0|0|518,08|263,02|1211,54|15,94|79,7|
|C110|000001||
|C110|000008||
|C110|000002||
|C110|000012||
|C110|000003||
|C110|000006||
|C110|000007||
|C110|000009||
|C110|000010||
|C110|000004||
|C110|000011||
|C110|000013||
|C110|000005||
|C190|351|5101|18|14116,08|13671,8|1230,46|0|0|0|444,32||
|C190|551|5101|18|2343,3|2269,56|204,24|0|0|0|73,76||
|C100|1|0|C0000001937|55|00|002|213327|31231002258243000400550020002133271230872073|04102023|04102023|18997,8|1|0|0|18399,82|0|0|0|0|18399,88|1655,98|0|0|597,98|303,58|1398,38|18,42|92|
|C110|000001||
|C110|000008||
|C110|000002||
|C110|000012||
|C110|000003||
|C110|000009||
|C110|000010||
|C110|000004||
|C110|000011||
|C110|000013||
|C110|000005||
|C190|351|5101|18|13560,68|13133,88|1182,04|0|0|0|426,84||
|C190|551|5101|18|5437,12|5266|473,94|0|0|0|171,14||
|C100|1|0|C0000001937|55|00|002|213328|31231002258243000400550020002133281275781570|04102023|04102023|17331,32|1|0|0|16785,8|0|0|0|0|16785,88|1510,74|0|0|545,52|276,96|1275,72|16,78|83,94|
|C110|000001||
|C110|000008||
|C110|000002||
|C110|000012||
|C110|000003||
|C110|000009||
|C110|000010||
|C110|000004||
|C110|000011||
|C110|000013||
|C110|000005||
|C190|351|5101|18|11838,18|11465,6|1031,9|0|0|0|372,62||
|C190|551|5101|18|5493,14|5320,28|478,84|0|0|0|172,9||
|C100|1|0|C0000001937|55|00|002|213329|31231002258243000400550020002133291565442601|04102023|04102023|17683,58|1|0|0|17126,96|0|0|0|0|17127,04|1541,42|0|0|556,62|282,62|1301,64|17,12|85,64|
|C110|000001||
|C110|000008||
|C110|000002||
|C110|000012||
|C110|000003||
|C110|000009||
|C110|000010||
|C110|000004||
|C110|000011||
|C110|000013||
|C110|000005||
|C190|351|5101|18|10107,96|9789,84|881,08|0|0|0|318,16||
|C190|551|5101|18|7575,62|7337,2|660,34|0|0|0|238,46||
|C100|1|0|C0000001937|55|00|002|213330|31231002258243000400550020002133301390969534|04102023|04102023|18573,36|1|0|0|17988,76|0|0|0|0|17988,8|1619|0|0|584,6|296,82|1367,16|18|89,96|
|C110|000001||
|C110|000008||
|C110|000002||
|C110|000003||
|C110|000009||
|C110|000010||
|C110|000004||
|C110|000011||
|C110|000005||
|C190|351|5101|18|14030,56|13588,96|1223,02|0|0|0|441,62||
|C190|551|5101|18|4542,8|4399,84|395,98|0|0|0|142,98||
|C100|1|0|C0000001937|55|00|002|213331|31231002258243000400550020002133311620554737|04102023|04102023|18555,3|1|0|0|17971,26|0|0|0|0|17971,28|1617,44|0|0|584,04|296,52|1365,84|17,96|89,88|
|C110|000001||
|C110|000008||
|C110|000002||
|C110|000003||
|C110|000009||
|C110|000010||
|C110|000004||
|C110|000011||
|C110|000005||
|C190|351|5101|18|14007,82|13566,92|1221,04|0|0|0|440,9||
|C190|551|5101|18|4547,48|4404,36|396,4|0|0|0|143,14||
|C100|1|0|C0000001937|55|00|002|213332|31231002258243000400550020002133321520368270|04102023|04102023|19277,52|1|0|0|18670,74|0|0|0|0|18670,8|1680,4|0|0|606,78|308,06|1418,96|18,68|93,34|
|C110|000001||
|C110|000008||
|C110|000002||
|C110|000012||
|C110|000003||
|C110|000009||
|C110|000010||
|C110|000004||
|C110|000011||
|C110|000013||
|C110|000005||
|C190|351|5101|18|14063,9|13621,24|1225,92|0|0|0|442,68||
|C190|551|5101|18|5213,62|5049,56|454,48|0|0|0|164,1||
|C100|1|0|C0000001937|55|00|002|213333|31231002258243000400550020002133331250024105|04102023|04102023|18633,92|1|0|0|18047,4|0|0|0|0|18047,44|1624,24|0|0|586,52|297,8|1371,6|18,06|90,24|
|C110|000001||
|C110|000008||
|C110|000002||
|C110|000012||
|C110|000003||
|C110|000009||
|C110|000010||
|C110|000004||
|C110|000011||
|C110|000013||
|C110|000005||
|C190|351|5101|18|14380,3|13927,68|1253,48|0|0|0|452,64||
|C190|551|5101|18|4253,62|4119,76|370,76|0|0|0|133,88||
|C100|1|0|C0000001937|55|00|002|213334|31231002258243000400550020002133341207281654|04102023|04102023|18289,86|1|0|0|17714,16|0|0|0|0|17714,2|1594,28|0|0|575,7|292,3|1346,28|17,7|88,58|
|C110|000001||
|C110|000008||
|C110|000002||
|C110|000012||
|C110|000003||
|C110|000009||
|C110|000010||
|C110|000004||
|C110|000011||
|C110|000013||
|C110|000005||
|C190|351|5101|18|15485,52|14998,12|1349,84|0|0|0|487,42||
|C190|551|5101|18|2804,34|2716,08|244,44|0|0|0|88,28||
|C100|1|0|C0000001937|55|00|002|213335|31231002258243000400550020002133351988226330|04102023|04102023|14932,98|1|0|0|14462,94|0|0|0|0|14463|1301,68|0|0|470,04|238,64|1099,2|14,46|72,3|
|C110|000001||
|C110|000008||
|C110|000002||
|C110|000003||
|C110|000006||
|C110|000007||
|C110|000009||
|C110|000010||
|C110|000004||
|C110|000011||
|C110|000005||
|C110|000012||
|C110|000013||
|C190|351|5101|18|13792,46|13358,36|1202,26|0|0|0|434,14||
|C190|551|5101|18|1140,52|1104,64|99,42|0|0|0|35,9||
|C100|1|0|C0000001937|55|00|002|213336|31231002258243000400550020002133361238097078|04102023|04102023|23450,18|1|0|0|22712,04|0|0|0|0|22712,08|2044,06|0|0|738,14|374,78|1726,12|22,72|113,56|
|C110|000001||
|C110|000008||
|C110|000002||
|C110|000003||
|C110|000006||
|C110|000007||
|C110|000009||
|C110|000010||
|C110|000004||
|C110|000011||
|C110|000005||
|C110|000012||
|C110|000013||
|C190|351|5101|18|11561,78|11197,88|1007,78|0|0|0|363,92||
|C190|551|5101|18|11888,4|11514,2|1036,28|0|0|0|374,22||
|C100|1|0|C0000001937|55|00|002|213337|31231002258243000400550020002133371219201148|04102023|04102023|17395,62|1|0|0|16848,06|0|0|0|0|16848,08|1516,32|0|0|547,56|278,02|1280,46|16,84|84,24|
|C110|000001||
|C110|000008||
|C110|000002||
|C110|000003||
|C110|000009||
|C110|000010||
|C110|000004||
|C110|000011||
|C110|000005||
|C110|000012||
|C110|000013||
|C190|351|5101|18|13440,52|13017,48|1171,58|0|0|0|423,06||
|C190|551|5101|18|3955,1|3830,6|344,74|0|0|0|124,5||
|C100|1|0|C0000001937|55|00|002|213338|31231002258243000400550020002133381112534902|04102023|04102023|17428,54|1|0|0|16879,96|0|0|0|0|16880,04|1519,2|0|0|548,58|278,54|1282,88|16,9|84,42|
|C110|000001||
|C110|000008||
|C110|000002||
|C110|000003||
|C110|000009||
|C110|000010||
|C110|000004||
|C110|000011||
|C110|000005||
|C110|000012||
|C110|000013||
|C190|351|5101|18|11307,22|10951,36|985,62|0|0|0|355,9||
|C190|551|5101|18|6121,32|5928,68|533,58|0|0|0|192,68||
|C100|1|0|C0000001937|55|00|002|213339|31231002258243000400550020002133391469126806|04102023|04102023|18456,2|1|0|0|17875,26|0|0|0|0|17875,32|1608,76|0|0|580,94|294,96|1358,5|17,88|89,38|
|C110|000001||
|C110|000008||
|C110|000002||
|C110|000003||
|C110|000009||
|C110|000010||
|C110|000004||
|C110|000011||
|C110|000005||
|C110|000012||
|C110|000013||
|C190|351|5101|18|13885,98|13448,92|1210,4|0|0|0|437,08||
|C190|551|5101|18|4570,22|4426,4|398,36|0|0|0|143,86||
|C100|1|0|C0000001937|55|00|002|213340|31231002258243000400550020002133401029111844|04102023|04102023|18768,84|1|0|0|18178,06|0|0|0|0|18178,12|1636,02|0|0|590,78|299,94|1381,52|18,18|90,9|
|C110|000001||
|C110|000008||
|C110|000002||
|C110|000003||
|C110|000009||
|C110|000010||
|C110|000004||
|C110|000011||
|C110|000005||
|C110|000012||
|C110|000013||
|C190|351|5101|18|17040,9|16504,56|1485,4|0|0|0|536,38||
|C190|551|5101|18|1727,94|1673,56|150,62|0|0|0|54,4||
|C100|1|0|C0000001937|55|00|002|213341|31231002258243000400550020002133411908468674|05102023|05102023|17191|1|0|0|16649,88|0|0|0|0|16649,96|1498,5|0|0|541,12|274,74|1265,4|16,66|83,24|
|C110|000001||
|C110|000008||
|C110|000002||
|C110|000003||
|C110|000009||
|C110|000004||
|C110|000005||
|C110|000012||
|C110|000010||
|C110|000011||
|C110|000013||
|C190|351|5101|18|15234,9|14755,4|1327,98|0|0|0|479,54||
|C190|551|5101|18|1956,1|1894,56|170,52|0|0|0|61,58||
|C100|1|0|C0000001937|55|00|002|213342|31231002258243000400550020002133421810850730|05102023|05102023|17440,8|1|0|0|16891,84|0|0|0|0|16891,92|1520,28|0|0|548,96|278,7|1283,78|16,9|84,46|
|C110|000001||
|C110|000008||
|C110|000002||
|C110|000003||
|C110|000009||
|C110|000004||
|C110|000005||
|C110|000012||
|C110|000010||
|C110|000011||
|C110|000013||
|C190|351|5101|18|12520,7|12126,64|1091,4|0|0|0|394,1||
|C190|551|5101|18|4920,1|4765,28|428,88|0|0|0|154,86||
|C100|1|0|C0000001937|55|00|002|213343|31231002258243000400550020002133431398176540|05102023|05102023|8004,92|1|0|0|7752,96|0|0|0|0|7753|697,76|0|0|251,96|127,92|589,24|7,74|38,76|
|C110|000001||
|C110|000003||
|C110|000005||
|C110|000002||
|C110|000004||
|C190|351|5101|18|8004,92|7753|697,76|0|0|0|251,96||
|C100|1|0|C0000001937|55|00|002|213344|31231002258243000400550020002133441779647693|05102023|05102023|29324,5|1|0|0|28401,46|0|0|0|0|28401,52|2556,12|0|0|923,04|468,64|2158,52|28,4|142|
|C110|000001||
|C110|000008||
|C110|000003||
|C110|000009||
|C110|000005||
|C110|000002||
|C110|000010||
|C110|000004||
|C110|000011||
|C190|351|5101|18|18771,2|18180,4|1636,22|0|0|0|590,86||
|C190|551|5101|18|10553,3|10221,12|919,9|0|0|0|332,18||
|C100|1|0|C0000001937|55|00|002|213346|31231002258243000400550020002133466963260599|05102023|05102023|15825,02|1|0|0|15326,9|0|0|0|0|15326,96|1379,44|0|0|498,12|252,86|1164,82|15,34|76,64|
|C110|000001||
|C110|000008||
|C110|000002||
|C110|000012||
|C110|000003||
|C110|000009||
|C110|000010||
|C110|000004||
|C110|000011||
|C110|000013||
|C110|000005||
|C190|351|5101|18|13483,24|13058,88|1175,3|0|0|0|424,4||
|C190|551|5101|18|2341,78|2268,08|204,14|0|0|0|73,72||
|C100|1|0|C0000001937|55|00|002|213345|31231002258243000400550020002133451781812237|05102023|05102023|17001,52|1|0|0|16466,36|0|0|0|0|16466,4|1481,96|0|0|535,16|271,68|1251,46|16,48|82,34|
|C110|000001||
|C110|000008||
|C110|000002||
|C110|000012||
|C110|000003||
|C110|000009||
|C110|000010||
|C110|000004||
|C110|000011||
|C110|000013||
|C110|000005||
|C190|351|5101|18|15538,8|15049,72|1354,46|0|0|0|489,1||
|C190|551|5101|18|1462,72|1416,68|127,5|0|0|0|46,06||
|C100|1|0|C0000001937|55|00|002|213347|31231002258243000400550020002133474955477135|05102023|05102023|6956,04|1|0|0|6737,1|0|0|0|0|6737,12|606,34|0|0|218,94|111,16|512,02|6,72|33,68|
|C110|000001||
|C110|000008||
|C110|000002||
|C110|000003||
|C110|000009||
|C110|000004||
|C110|000005||
|C190|351|5101|18|6956,04|6737,12|606,34|0|0|0|218,94||
|C100|1|0|C0000001937|55|00|002|213348|31231002258243000400550020002133484187897450|05102023|05102023|16170,18|1|0|0|15661,2|0|0|0|0|15661,2|1409,5|0|0|508,98|258,42|1190,26|15,66|78,3|
|C110|000001||
|C110|000008||
|C110|000002||
|C110|000012||
|C110|000003||
|C110|000009||
|C110|000010||
|C110|000004||
|C110|000011||
|C110|000013||
|C110|000005||
|C190|351|5101|18|10333,04|10007,8|900,7|0|0|0|325,24||
|C190|551|5101|18|5837,14|5653,4|508,8|0|0|0|183,74||
|C100|1|0|C0000001937|55|00|002|213349|31231002258243000400550020002133491735174338|05102023|05102023|17854,72|1|0|0|17292,72|0|0|0|0|17292,84|1556,34|0|0|562|285,34|1314,26|17,3|86,44|
|C110|000001||
|C110|000008||
|C110|000002||
|C110|000012||
|C110|000003||
|C110|000009||
|C110|000010||
|C110|000004||
|C110|000011||
|C110|000013||
|C110|000005||
|C190|351|5101|18|11607|11241,72|1011,74|0|0|0|365,34||
|C190|551|5101|18|6247,72|6051,12|544,6|0|0|0|196,66||
|C100|1|0|C0000001937|55|00|002|213350|31231002258243000400550020002133506719281224|05102023|05102023|16798,24|1|0|0|16269,5|0|0|0|0|16269,56|1464,24|0|0|528,74|268,44|1236,5|16,28|81,36|
|C110|000001||
|C110|000008||
|C110|000002||
|C110|000012||
|C110|000003||
|C110|000009||
|C110|000010||
|C110|000004||
|C110|000011||
|C110|000013||
|C110|000005||
|C190|351|5101|18|12400,52|12010,24|1080,9|0|0|0|390,32||
|C190|551|5101|18|4397,72|4259,32|383,34|0|0|0|138,42||
|C100|0|1|V0002000031|55|00|002|326246|41231002258243000150550020003262461009406192|05102023|05102023|51000|2|0|0|51000|0|0|0|0|0|0|0|0|0|0|0|0|0|
|C110|000015||
|C110|000014||
|C170|1|3044J2-000|GLT FOR-KLBE-M-KU-___-1.200-1.000- 975|60|PÇ|51000|0|0|040|2920|2920/AA|0|0|0|0|0|0|0|05||0|0|0|98|0|0|0|0|0|98|0|0|0|0|0||0|
|C190|040|2920|0|51000|0|0|0|0|0|0||
|C100|0|1|V0002000031|55|00|002|326195|41231002258243000150550020003261951971673790|04102023|05102023|37400|2|0|0|37400|0|0|0|0|0|0|0|0|0|0|0|0|0|
|C110|000015||
|C110|000014||
|C170|1|3044J2-000|GLT FOR-KLBE-M-KU-___-1.200-1.000- 975|44|PÇ|37400|0|0|040|2920|2920/AA|0|0|0|0|0|0|0|05||0|0|0|98|0|0|0|0|0|98|0|0|0|0|0||0|
|C190|040|2920|0|37400|0|0|0|0|0|0||
|C100|0|1|B00310001|55|00|002|326167|41231002258243000150550020003261671140705780|04102023|05102023|14562,6|2|0|0|14562,6|1|0|0|0|14562,6|1747,51|0|0|0|0|0|0|0|
|C110|000014||
|C170|1|C63447-106|Acion.vid jan ES-MA-OE-RE-AN-LL-341__-N|520|PÇ|14562,6|0|0|500|2151|2151/AA|14562,6|12|1747,51|0|0|0|0|05||0|0|0|98|0|0|0|0|0|98|0|0|0|0|0||0|
|C190|500|2151|12|14562,6|14562,6|1747,51|0|0|0|0||
|C100|0|1|B00310001|55|00|002|326168|41231002258243000150550020003261681411735962|04102023|05102023|36503,02|2|0|0|36503,02|1|0|0|0|36503,02|4380,36|0|0|0|0|0|0|0|
|C110|000014||
|C170|1|E46965-102|Acion.vid jan ES-EL-OE-RE-AN-LL-X6H__-N|720|PÇ|36503,02|0|0|500|2151|2151/AA|36503,02|12|4380,36|0|0|0|0|05||0|0|0|98|0|0|0|0|0|98|0|0|0|0|0||0|
|C190|500|2151|12|36503,02|36503,02|4380,36|0|0|0|0||
|C100|0|1|B00310001|55|00|002|326169|41231002258243000150550020003261691926065344|04102023|05102023|30428,52|2|0|0|30428,52|1|0|0|0|30428,52|3651,42|0|0|0|0|0|0|0|
|C110|000014||
|C170|1|E46966-102|Acion.vid jan ES-EL-OE-LI-AN-LL-X6H__-N|600|PÇ|30428,52|0|0|500|2151|2151/AA|30428,52|12|3651,42|0|0|0|0|05||0|0|0|98|0|0|0|0|0|98|0|0|0|0|0||0|
|C190|500|2151|12|30428,52|30428,52|3651,42|0|0|0|0||
|C100|0|1|B00310001|55|00|002|326170|41231002258243000150550020003261701176030575|04102023|05102023|24275,72|2|0|0|24275,72|1|0|0|0|24275,72|2913,08|0|0|0|0|0|0|0|
|C110|000014||
|C170|1|E46961-103|Acion.vid jan ES-EL-OE-RE-AN-LL-199__-N|240|PÇ|12146,45|0|0|500|2151|2151/AA|12146,45|12|1457,57|0|0|0|0|05||0|0|0|98|0|0|0|0|0|98|0|0|0|0|0||0|
|C170|2|E46962-103|Acion.vid jan ES-EL-OE-LI-AN-LL-199__-N|240|PÇ|12129,27|0|0|500|2151|2151/AA|12129,27|12|1455,51|0|0|0|0|05||0|0|0|98|0|0|0|0|0|98|0|0|0|0|0||0|
|C190|500|2151|12|24275,72|24275,72|2913,08|0|0|0|0||
|C100|0|1|B00310001|55|00|002|326171|41231002258243000150550020003261711537036511|04102023|05102023|6064,77|2|0|0|6064,77|1|0|0|0|6064,77|727,77|0|0|0|0|0|0|0|
|C110|000014||
|C170|1|C63444-104|Acion.vid jan ES-MA-OE-LI-AN-LL-341__-N|180|PÇ|6064,77|0|0|000|2151|2151/AA|6064,77|12|727,77|0|0|0|0|05||0|0|0|98|0|0|0|0|0|98|0|0|0|0|0||0|
|C190|000|2151|12|6064,77|6064,77|727,77|0|0|0|0||
|C100|0|1|B00310001|55|00|002|326172|41231002258243000150550020003261721214405989|04102023|05102023|7761,82|2|0|0|7761,82|1|0|0|0|7761,82|931,42|0|0|0|0|0|0|0|
|C110|000014||
|C170|1|E46970-102|Acion.vid jan ES-MA-NA-LI-OA-LL-199__-N|320|PÇ|7761,82|0|0|500|2151|2151/AA|7761,82|12|931,42|0|0|0|0|05||0|0|0|98|0|0|0|0|0|98|0|0|0|0|0||0|
|C190|500|2151|12|7761,82|7761,82|931,42|0|0|0|0||
|C100|0|1|B00310001|55|00|002|326173|41231002258243000150550020003261731899596910|04102023|05102023|3879,8|2|0|0|3879,8|1|0|0|0|3879,8|465,58|0|0|0|0|0|0|0|
|C110|000014||
|C170|1|E46969-102|Acion.vid jan ES-MA-NA-RE-OA-LL-199__-N|160|PÇ|3879,8|0|0|500|2151|2151/AA|3879,8|12|465,58|0|0|0|0|05||0|0|0|98|0|0|0|0|0|98|0|0|0|0|0||0|
|C190|500|2151|12|3879,8|3879,8|465,58|0|0|0|0||
|C100|0|1|B00310001|55|00|002|326193|41231002258243000150550020003261931291442281|04102023|05102023|45640,24|2|0|0|45640,24|1|0|0|0|45640,24|1825,61|0|0|0|0|0|0|0|
|C110|000014||
|C170|1|E47181-104|Acion.vid jan ES-EL-OE-RE-AN-LL-341__-N|360|PÇ|22926,26|0|0|300|2151|2151/AA|22926,26|4|917,05|0|0|0|0|05||0|0|0|98|0|0|0|0|0|98|0|0|0|0|0||0|
|C170|2|E47182-104|Acion.vid jan ES-EL-OE-LI-AN-LL-341__-N|360|PÇ|22713,98|0|0|300|2151|2151/AA|22713,98|4|908,56|0|0|0|0|05||0|0|0|98|0|0|0|0|0|98|0|0|0|0|0||0|
|C190|300|2151|4|45640,24|45640,24|1825,61|0|0|0|0||
|C100|0|1|B00310001|55|00|002|326194|41231002258243000150550020003261941034766794|04102023|05102023|123761,58|2|0|0|123761,58|1|0|0|0|123761,58|5538,7|0|0|0|0|0|0|0|
|C110|000014||
|C170|1|C63442-106|Acion.vid jan ES-EL-OE-LI-AN-LL-341__-N|960|PÇ|57698,3|0|0|300|2151|2151/AA|57698,3|4|2307,93|0|0|0|0|05||0|0|0|98|0|0|0|0|0|98|0|0|0|0|0||0|
|C170|2|C63443-106|Acion.vid jan ES-EL-OE-RE-AN-LL-341__-N|960|PÇ|58710,3|0|0|300|2151|2151/AA|58710,3|4|2348,41|0|0|0|0|05||0|0|0|98|0|0|0|0|0|98|0|0|0|0|0||0|
|C170|3|C63446-106|Acion.vid jan ES-MA-OE-LI-AN-LL-341__-N|260|PÇ|7352,98|0|0|500|2151|2151/AA|7352,98|12|882,36|0|0|0|0|05||0|0|0|98|0|0|0|0|0|98|0|0|0|0|0||0|
|C190|300|2151|4|116408,6|116408,6|4656,34|0|0|0|0||
|C190|500|2151|12|7352,98|7352,98|882,36|0|0|0|0||
|C100|1|0|C0000001937|55|00|002|213353|31231002258243000400550020002133534696919010|05102023|05102023|16059,44|1|0|0|15553,96|0|0|0|0|15554,08|1399,86|0|0|505,48|256,62|1182,12|15,56|77,76|
|C110|000001||
|C110|000008||
|C110|000002||
|C110|000003||
|C110|000009||
|C110|000010||
|C110|000004||
|C110|000011||
|C110|000005||
|C110|000012||
|C110|000013||
|C190|351|5101|18|11610,06|11244,68|1012|0|0|0|365,44||
|C190|551|5101|18|4449,38|4309,4|387,86|0|0|0|140,04||
|C100|1|0|C0000001937|55|00|002|213352|31231002258243000400550020002133524755373506|05102023|05102023|18253,78|1|0|0|17679,22|0|0|0|0|17679,28|1591,12|0|0|574,56|291,7|1343,62|17,68|88,38|
|C110|000001||
|C110|000008||
|C110|000002||
|C110|000012||
|C110|000003||
|C110|000009||
|C110|000010||
|C110|000004||
|C110|000011||
|C110|000013||
|C110|000005||
|C190|351|5101|18|13855,72|13419,64|1207,76|0|0|0|436,12||
|C190|551|5101|18|4398,06|4259,64|383,36|0|0|0|138,44||
|C100|1|0|C0000001937|55|00|002|213355|31231002258243000400550020002133554052458984|05102023|05102023|17279,46|1|0|0|16735,56|0|0|0|0|16735,64|1506,18|0|0|543,9|276,14|1271,92|16,76|83,68|
|C110|000001||
|C110|000006||
|C110|000007||
|C110|000008||
|C110|000002||
|C110|000003||
|C110|000009||
|C110|000010||
|C110|000004||
|C110|000011||
|C110|000005||
|C110|000012||
|C110|000013||
|C190|351|5101|18|14050,88|13608,64|1224,76|0|0|0|442,28||
|C190|551|5101|18|3228,58|3127|281,42|0|0|0|101,62||
|C100|1|0|C0000001937|55|00|002|213354|31231002258243000400550020002133544327238915|05102023|05102023|14326,04|1|0|0|13875,1|0|0|0|0|13875,16|1248,76|0|0|450,94|228,94|1054,52|13,88|69,4|
|C110|000001||
|C110|000006||
|C110|000007||
|C110|000008||
|C110|000002||
|C110|000003||
|C110|000009||
|C110|000010||
|C110|000004||
|C110|000011||
|C110|000005||
|C110|000012||
|C110|000013||
|C190|351|5101|18|10738,56|10400,56|936,04|0|0|0|338,02||
|C190|551|5101|18|3587,48|3474,6|312,72|0|0|0|112,92||
|C100|1|0|C0000001937|55|00|002|213351|31231002258243000400550020002133514272285486|05102023|05102023|23242,94|1|0|0|22511,34|0|0|0|0|22511,36|2026,02|0|0|731,6|371,44|1710,88|22,52|112,58|
|C110|000001||
|C110|000008||
|C110|000002||
|C110|000012||
|C110|000003||
|C110|000009||
|C110|000010||
|C110|000004||
|C110|000011||
|C110|000013||
|C110|000005||
|C190|351|5101|18|15248,48|14768,52|1329,18|0|0|0|479,96||
|C190|551|5101|18|7994,46|7742,84|696,84|0|0|0|251,64||
|C100|1|0|C0000001937|55|00|002|213356|31231002258243000400550020002133564295354979|05102023|05102023|15337,22|1|0|0|14854,48|0|0|0|0|14854,52|1336,9|0|0|482,74|245,1|1128,94|14,88|74,28|
|C110|000001||
|C110|000008||
|C110|000002||
|C110|000003||
|C110|000009||
|C110|000010||
|C110|000004||
|C110|000011||
|C110|000005||
|C190|351|5101|18|12555,66|12160,48|1094,44|0|0|0|395,2||
|C190|551|5101|18|2781,56|2694,04|242,46|0|0|0|87,54||
|C100|1|0|C0000001937|55|00|002|213357|31231002258243000400550020002133571774608051|05102023|05102023|17855,92|1|0|0|17293,88|0|0|0|0|17293,92|1556,46|0|0|562,04|285,34|1314,34|17,28|86,5|
|C110|000001||
|C110|000008||
|C110|000002||
|C110|000003||
|C110|000009||
|C110|000010||
|C110|000004||
|C110|000011||
|C110|000005||
|C110|000012||
|C110|000013||
|C190|351|5101|18|13005,86|12596,52|1133,7|0|0|0|409,38||
|C190|551|5101|18|4850,06|4697,4|422,76|0|0|0|152,66||
|C100|1|0|C0000001937|55|00|002|213358|31231002258243000400550020002133581073075488|05102023|05102023|14987,84|1|0|0|14516,08|0|0|0|0|14516,12|1306,46|0|0|471,76|239,5|1103,22|14,52|72,56|
|C110|000001||
|C110|000008||
|C110|000002||
|C110|000003||
|C110|000009||
|C110|000010||
|C110|000004||
|C110|000011||
|C110|000005||
|C110|000012||
|C110|000013||
|C190|351|5101|18|10310,26|9985,76|898,72|0|0|0|324,52||
|C190|551|5101|18|4677,58|4530,36|407,74|0|0|0|147,24||
|C100|1|0|C0000001937|55|00|002|213359|31231002258243000400550020002133591065436334|05102023|05102023|12861,58|1|0|0|12456,74|0|0|0|0|12456,84|1121,14|0|0|404,84|205,56|946,7|12,44|62,28|
|C110|000001||
|C110|000006||
|C110|000007||
|C110|000008||
|C110|000002||
|C110|000003||
|C110|000009||
|C110|000010||
|C110|000004||
|C110|000011||
|C110|000005||
|C110|000012||
|C110|000013||
|C190|351|5101|18|9549,24|9248,72|832,4|0|0|0|300,58||
|C190|551|5101|18|3312,34|3208,12|288,74|0|0|0|104,26||
|C100|1|0|C0000001937|55|00|002|213360|31231002258243000400550020002133601298415837|05102023|05102023|11974,48|1|0|0|11597,56|0|0|0|0|11597,64|1043,76|0|0|376,92|191,36|881,4|11,6|57,98|
|C110|000001||
|C110|000008||
|C110|000002||
|C110|000003||
|C110|000009||
|C110|000010||
|C110|000004||
|C110|000011||
|C110|000005||
|C110|000012||
|C110|000013||
|C190|351|5101|18|7143,12|6918,32|622,64|0|0|0|224,84||
|C190|551|5101|18|4831,36|4679,32|421,12|0|0|0|152,08||
|C100|1|0|C0000001937|55|00|002|213361|31231002258243000400550020002133611304316510|05102023|05102023|13753,52|1|0|0|13320,62|0|0|0|0|13320,68|1198,82|0|0|432,9|219,8|1012,38|13,3|66,58|
|C110|000001||
|C110|000008||
|C110|000002||
|C110|000003||
|C110|000009||
|C110|000010||
|C110|000004||
|C110|000011||
|C110|000005||
|C110|000012||
|C110|000013||
|C190|351|5101|18|7488,12|7252,44|652,7|0|0|0|235,7||
|C190|551|5101|18|6265,4|6068,24|546,12|0|0|0|197,2||
|C100|1|0|C0000001937|55|00|002|213362|31231002258243000400550020002133621731253073|05102023|05102023|12985,84|1|0|0|12577,08|0|0|0|0|12577,16|1131,94|0|0|408,76|207,52|955,86|12,58|62,9|
|C110|000001||
|C110|000008||
|C110|000002||
|C110|000003||
|C110|000009||
|C110|000010||
|C110|000004||
|C110|000011||
|C110|000005||
|C110|000012||
|C110|000013||
|C190|351|5101|18|7950,24|7700,04|693|0|0|0|250,24||
|C190|551|5101|18|5035,6|4877,12|438,94|0|0|0|158,52||
|C100|1|0|C0000001937|55|00|002|213363|31231002258243000400550020002133631822587680|05102023|05102023|8827,38|1|0|0|8549,52|0|0|0|0|8549,6|769,46|0|0|277,86|141,06|649,76|8,54|42,74|
|C110|000001||
|C110|000006||
|C110|000007||
|C110|000008||
|C110|000002||
|C110|000003||
|C110|000009||
|C110|000010||
|C110|000004||
|C110|000011||
|C110|000005||
|C110|000012||
|C110|000013||
|C190|351|5101|18|5156,14|4993,88|449,44|0|0|0|162,3||
|C190|551|5101|18|3671,24|3555,72|320,02|0|0|0|115,56||
|C100|1|0|C0000001937|55|00|002|213364|31231002258243000400550020002133641885225406|06102023|06102023|12622,1|1|0|0|12224,8|0|0|0|0|12224,84|1100,24|0|0|397,3|201,72|929,08|12,24|61,1|
|C110|000001||
|C110|000008||
|C110|000002||
|C110|000003||
|C110|000009||
|C110|000010||
|C110|000004||
|C110|000011||
|C110|000005||
|C110|000012||
|C110|000013||
|C190|351|5101|18|7605,22|7365,84|662,94|0|0|0|239,38||
|C190|551|5101|18|5016,88|4859|437,3|0|0|0|157,92||
|C100|1|0|C0000001937|55|00|002|213365|31231002258243000400550020002133651113728171|06102023|06102023|11261,84|1|0|0|10907,36|0|0|0|0|10907,4|981,7|0|0|354,48|179,96|828,96|10,92|54,52|
|C110|000001||
|C110|000008||
|C110|000002||
|C110|000003||
|C110|000009||
|C110|000010||
|C110|000004||
|C110|000011||
|C110|000005||
|C110|000012||
|C110|000013||
|C190|351|5101|18|9580|9278,48|835,08|0|0|0|301,54||
|C190|551|5101|18|1681,84|1628,92|146,62|0|0|0|52,94||
|C100|1|0|C0000001937|55|00|002|213366|31231002258243000400550020002133661484535930|06102023|06102023|13838,38|1|0|0|13402,8|0|0|0|0|13402,88|1206,26|0|0|435,58|221,16|1018,62|13,4|67,02|
|C110|000001||
|C110|000008||
|C110|000003||
|C110|000009||
|C110|000010||
|C110|000011||
|C110|000005||
|C110|000002||
|C110|000004||
|C190|351|5101|18|8144,78|7888,48|709,96|0|0|0|256,36||
|C190|551|5101|18|5693,6|5514,4|496,3|0|0|0|179,22||
|C100|1|0|C0000001937|55|00|002|213367|31231002258243000400550020002133671561381277|06102023|06102023|13816,18|1|0|0|13381,3|0|0|0|0|13381,36|1204,32|0|0|434,88|220,78|1016,96|13,38|66,92|
|C110|000001||
|C110|000008||
|C110|000003||
|C110|000009||
|C110|000010||
|C110|000011||
|C110|000005||
|C110|000002||
|C110|000004||
|C190|351|5101|18|11491,26|11129,6|1001,66|0|0|0|361,7||
|C190|551|5101|18|2324,92|2251,76|202,66|0|0|0|73,18||
|C100|1|0|C0000001937|55|00|002|213368|31231002258243000400550020002133681131891943|06102023|06102023|10605,04|1|0|0|10271,24|0|0|0|0|10271,24|924,42|0|0|333,8|169,48|780,62|10,26|51,34|
|C110|000001||
|C110|000006||
|C110|000007||
|C110|000003||
|C110|000005||
|C110|000002||
|C110|000004||
|C190|351|5101|18|10605,04|10271,24|924,42|0|0|0|333,8||
|C100|1|0|C0000001937|55|00|002|213370|31231002258243000400550020002133701125119078|06102023|06102023|17649,58|1|0|0|17094,02|0|0|0|0|17094,08|1538,44|0|0|555,56|282,1|1299,14|17,1|85,46|
|C110|000001||
|C110|000006||
|C110|000007||
|C110|000008||
|C110|000003||
|C110|000009||
|C110|000005||
|C110|000002||
|C110|000012||
|C110|000010||
|C110|000004||
|C110|000011||
|C110|000013||
|C190|351|5101|18|15516,06|15027,68|1352,48|0|0|0|488,4||
|C190|551|5101|18|2133,52|2066,4|185,96|0|0|0|67,16||
|C100|1|0|C0000001937|55|00|002|213371|31231002258243000400550020002133711465543540|06102023|06102023|14784,58|1|0|0|14319,2|0|0|0|0|14319,2|1288,74|0|0|465,38|236,28|1088,26|14,32|71,6|
|C110|000001||
|C110|000008||
|C110|000009||
|C110|000002||
|C110|000012||
|C110|000003||
|C110|000010||
|C110|000004||
|C110|000011||
|C110|000013||
|C110|000005||
|C190|351|5101|18|12759,38|12357,76|1112,2|0|0|0|401,62||
|C190|551|5101|18|2025,2|1961,44|176,54|0|0|0|63,76||
|C100|1|0|C0000001937|55|00|002|213542|31231002258243000400550020002135421224024357|17102023|17102023|23922,48|1|0|0|23169,48|0|0|0|0|23169,56|2085,24|0|0|753|382,26|1760,9|23,18|115,86|
|C110|000001||
|C110|000006||
|C110|000007||
|C110|000008||
|C110|000009||
|C110|000010||
|C110|000011||
|C110|000002||
|C110|000003||
|C110|000004||
|C110|000005||
|C110|000012||
|C110|000013||
|C190|351|5101|18|19403,98|18793,24|1691,38|0|0|0|610,78||
|C190|551|5101|18|4518,5|4376,32|393,86|0|0|0|142,22||
|C100|1|0|C0000001937|55|00|002|213543|31231002258243000400550020002135431404262121|17102023|17102023|20335,98|1|0|0|19695,86|0|0|0|0|19695,96|1772,62|0|0|640,12|324,98|1496,9|19,7|98,5|
|C110|000001||
|C110|000006||
|C110|000007||
|C110|000008||
|C110|000009||
|C110|000010||
|C110|000011||
|C110|000002||
|C110|000003||
|C110|000004||
|C110|000005||
|C110|000012||
|C110|000013||
|C190|351|5101|18|11512,24|11149,92|1003,48|0|0|0|362,38||
|C190|551|5101|18|8823,74|8546,04|769,14|0|0|0|277,74||
|C100|1|0|C0000001937|55|00|002|213372|31231002258243000400550020002133721644866081|06102023|06102023|15734,96|1|0|0|15239,68|0|0|0|0|15239,72|1371,58|0|0|495,28|251,46|1158,22|15,22|76,2|
|C110|000001||
|C110|000008||
|C110|000002||
|C110|000012||
|C110|000003||
|C110|000009||
|C110|000010||
|C110|000004||
|C110|000011||
|C110|000013||
|C110|000005||
|C190|351|5101|18|13429,94|13007,24|1170,66|0|0|0|422,72||
|C190|551|5101|18|2305,02|2232,48|200,92|0|0|0|72,56||
|C100|1|0|C0000001937|55|00|002|213373|31231002258243000400550020002133731100384934|06102023|06102023|14793|1|0|0|14327,36|0|0|0|0|14327,4|1289,46|0|0|465,64|236,42|1088,88|14,34|71,64|
|C110|000001||
|C110|000006||
|C110|000007||
|C110|000008||
|C110|000002||
|C110|000012||
|C110|000003||
|C110|000009||
|C110|000010||
|C110|000004||
|C110|000011||
|C110|000013||
|C110|000005||
|C190|351|5101|18|8881,16|8601,6|774,14|0|0|0|279,56||
|C190|551|5101|18|5911,84|5725,8|515,32|0|0|0|186,08||
|C100|1|0|C0000001937|55|00|002|213374|31231002258243000400550020002133741064612798|06102023|06102023|16930,94|1|0|0|16398,02|0|0|0|0|16398,08|1475,82|0|0|532,92|270,58|1246,24|16,38|81,98|
|C110|000001||
|C110|000008||
|C110|000002||
|C110|000012||
|C110|000003||
|C110|000009||
|C110|000010||
|C110|000004||
|C110|000011||
|C110|000013||
|C110|000005||
|C190|351|5101|18|11582,56|11218|1009,62|0|0|0|364,58||
|C190|551|5101|18|5348,38|5180,08|466,2|0|0|0|168,34||
|C100|1|0|C0001000031|55|00|002|213375|31231002258243000400550020002133751267466491|06102023|06102023|66300|0|0|0|66300|1|0|0|0|0|0|0|0|0|1093,95|5038,8|0|0|
|C110|000016||
|C110|000017||
|C110|000018||
|C110|000019||
|C190|040|6920|0|66300|0|0|0|0|0|0||
|C100|1|0|C0000001937|55|00|002|213376|31231002258243000400550020002133761020103337|06102023|06102023|14027,14|1|0|0|13585,62|0|0|0|0|13585,68|1222,72|0|0|441,52|224,16|1032,52|13,58|67,94|
|C110|000001||
|C110|000008||
|C110|000002||
|C110|000012||
|C110|000003||
|C110|000009||
|C110|000010||
|C110|000004||
|C110|000011||
|C110|000013||
|C110|000005||
|C190|351|5101|18|9299,12|9006,44|810,6|0|0|0|292,7||
|C190|551|5101|18|4728,02|4579,24|412,12|0|0|0|148,82||
|C100|0|1|B00310001|55|00|002|326234|41231002258243000150550020003262341781341753|05102023|06102023|123620,88|2|0|0|123620,88|1|0|0|0|123620,88|4944,83|0|0|0|0|0|0|0|
|C110|000014||
|C170|1|C63442-106|Acion.vid jan ES-EL-OE-LI-AN-LL-341__-N|1080|PÇ|64910,58|0|0|300|2151|2151/AA|64910,58|4|2596,42|0|0|0|0|05||0|0|0|98|0|0|0|0|0|98|0|0|0|0|0||0|
|C170|2|C63443-106|Acion.vid jan ES-EL-OE-RE-AN-LL-341__-N|960|PÇ|58710,3|0|0|300|2151|2151/AA|58710,3|4|2348,41|0|0|0|0|05||0|0|0|98|0|0|0|0|0|98|0|0|0|0|0||0|
|C190|300|2151|4|123620,88|123620,88|4944,83|0|0|0|0||
|C100|0|1|B00310001|55|00|002|326235|41231002258243000150550020003262351057114259|05102023|06102023|14634,28|2|0|0|14634,28|1|0|0|0|14634,28|1756,12|0|0|0|0|0|0|0|
|C110|000014||
|C170|1|C63446-106|Acion.vid jan ES-MA-OE-LI-AN-LL-341__-N|260|PÇ|7352,98|0|0|500|2151|2151/AA|7352,98|12|882,36|0|0|0|0|05||0|0|0|98|0|0|0|0|0|98|0|0|0|0|0||0|
|C170|2|C63447-106|Acion.vid jan ES-MA-OE-RE-AN-LL-341__-N|260|PÇ|7281,3|0|0|500|2151|2151/AA|7281,3|12|873,76|0|0|0|0|05||0|0|0|98|0|0|0|0|0|98|0|0|0|0|0||0|
|C190|500|2151|12|14634,28|14634,28|1756,12|0|0|0|0||
|C100|0|1|B00310001|55|00|002|326236|41231002258243000150550020003262361287827912|05102023|06102023|30497,58|2|0|0|30497,58|1|0|0|0|30497,58|1219,9|0|0|0|0|0|0|0|
|C110|000014||
|C170|1|E47181-104|Acion.vid jan ES-EL-OE-RE-AN-LL-341__-N|360|PÇ|22926,26|0|0|300|2151|2151/AA|22926,26|4|917,05|0|0|0|0|05||0|0|0|98|0|0|0|0|0|98|0|0|0|0|0||0|
|C170|2|E47182-104|Acion.vid jan ES-EL-OE-LI-AN-LL-341__-N|120|PÇ|7571,32|0|0|300|2151|2151/AA|7571,32|4|302,85|0|0|0|0|05||0|0|0|98|0|0|0|0|0|98|0|0|0|0|0||0|
|C190|300|2151|4|30497,58|30497,58|1219,9|0|0|0|0||
|C100|0|1|B00310001|55|00|002|326237|41231002258243000150550020003262371434980245|05102023|06102023|42594,33|2|0|0|42594,33|1|0|0|0|42594,33|5111,32|0|0|0|0|0|0|0|
|C110|000014||
|C170|1|E46965-102|Acion.vid jan ES-EL-OE-RE-AN-LL-X6H__-N|360|PÇ|18251,51|0|0|500|2151|2151/AA|18251,51|12|2190,18|0|0|0|0|05||0|0|0|98|0|0|0|0|0|98|0|0|0|0|0||0|
|C170|2|E46966-102|Acion.vid jan ES-EL-OE-LI-AN-LL-X6H__-N|480|PÇ|24342,82|0|0|500|2151|2151/AA|24342,82|12|2921,14|0|0|0|0|05||0|0|0|98|0|0|0|0|0|98|0|0|0|0|0||0|
|C190|500|2151|12|42594,33|42594,33|5111,32|0|0|0|0||
|C100|0|1|B00310001|55|00|002|326238|41231002258243000150550020003262381206765576|05102023|06102023|72827,18|2|0|0|72827,18|1|0|0|0|72827,18|8739,26|0|0|0|0|0|0|0|
|C110|000014||
|C170|1|E46961-103|Acion.vid jan ES-EL-OE-RE-AN-LL-199__-N|720|PÇ|36439,36|0|0|500|2151|2151/AA|36439,36|12|4372,72|0|0|0|0|05||0|0|0|98|0|0|0|0|0|98|0|0|0|0|0||0|
|C170|2|E46962-103|Acion.vid jan ES-EL-OE-LI-AN-LL-199__-N|720|PÇ|36387,82|0|0|500|2151|2151/AA|36387,82|12|4366,54|0|0|0|0|05||0|0|0|98|0|0|0|0|0|98|0|0|0|0|0||0|
|C190|500|2151|12|72827,18|72827,18|8739,26|0|0|0|0||
|C100|0|1|B00310001|55|00|002|326239|41231002258243000150550020003262391783563865|05102023|06102023|3879,8|2|0|0|3879,8|1|0|0|0|3879,8|465,58|0|0|0|0|0|0|0|
|C110|000014||
|C170|1|E46969-102|Acion.vid jan ES-MA-NA-RE-OA-LL-199__-N|160|PÇ|3879,8|0|0|500|2151|2151/AA|3879,8|12|465,58|0|0|0|0|05||0|0|0|98|0|0|0|0|0|98|0|0|0|0|0||0|
|C190|500|2151|12|3879,8|3879,8|465,58|0|0|0|0||
|C100|1|0|C0000001937|55|00|002|213377|31231002258243000400550020002133771650178260|06102023|06102023|17190,42|1|0|0|16649,32|0|0|0|0|16649,4|1498,44|0|0|541,1|274,72|1265,36|16,64|83,24|
|C110|000001||
|C110|000008||
|C110|000002||
|C110|000012||
|C110|000003||
|C110|000009||
|C110|000010||
|C110|000004||
|C110|000011||
|C110|000013||
|C110|000005||
|C190|351|5101|18|9429,58|9132,84|821,94|0|0|0|296,8||
|C190|551|5101|18|7760,84|7516,56|676,5|0|0|0|244,3||
|C100|0|1|V0002000031|55|00|002|326240|41231002258243000150550020003262401848679561|05102023|06102023|36550|2|0|0|36550|0|0|0|0|0|0|0|0|0|0|0|0|0|
|C110|000015||
|C110|000014||
|C170|1|3044J2-000|GLT FOR-KLBE-M-KU-___-1.200-1.000- 975|43|PÇ|36550|0|0|040|2920|2920/AA|0|0|0|0|0|0|0|05||0|0|0|98|0|0|0|0|0|98|0|0|0|0|0||0|
|C190|040|2920|0|36550|0|0|0|0|0|0||
|C100|1|0|C0000001937|55|00|002|213378|31231002258243000400550020002133781456514002|06102023|06102023|16959,22|1|0|0|16425,42|0|0|0|0|16425,52|1478,3|0|0|533,8|271|1248,34|16,42|82,14|
|C110|000001||
|C110|000008||
|C110|000002||
|C110|000012||
|C110|000003||
|C110|000009||
|C110|000010||
|C110|000004||
|C110|000011||
|C110|000013||
|C110|000005||
|C190|351|5101|18|9812,88|9504,08|855,38|0|0|0|308,86||
|C190|551|5101|18|7146,34|6921,44|622,92|0|0|0|224,94||
|C100|1|0|C0000001937|55|00|002|213379|31231002258243000400550020002133791226043218|06102023|06102023|17232,12|1|0|0|16689,72|0|0|0|0|16689,8|1502,1|0|0|542,4|275,4|1268,44|16,7|83,44|
|C110|000001||
|C110|000008||
|C110|000002||
|C110|000012||
|C110|000003||
|C110|000009||
|C110|000010||
|C110|000004||
|C110|000011||
|C110|000013||
|C110|000005||
|C190|351|5101|18|10915,04|10571,52|951,44|0|0|0|343,56||
|C190|551|5101|18|6317,08|6118,28|550,66|0|0|0|198,84||
|C100|1|0|C0000001937|55|00|002|213380|31231002258243000400550020002133801257301651|06102023|06102023|17387,48|1|0|0|16840,16|0|0|0|0|16840,24|1515,6|0|0|547,32|277,88|1279,84|16,82|84,2|
|C110|000001||
|C110|000006||
|C110|000007||
|C110|000008||
|C110|000002||
|C110|000012||
|C110|000003||
|C110|000009||
|C110|000010||
|C110|000004||
|C110|000011||
|C110|000013||
|C110|000005||
|C190|351|5101|18|15887,7|15387,68|1384,88|0|0|0|500,1||
|C190|551|5101|18|1499,78|1452,56|130,72|0|0|0|47,22||
|C100|1|0|C0000001937|55|00|002|213381|31231002258243000400550020002133811023697874|06102023|06102023|13025,3|1|0|0|12615,3|0|0|0|0|12615,36|1135,36|0|0|410|208,12|958,76|12,62|63,08|
|C110|000001||
|C110|000006||
|C110|000007||
|C110|000008||
|C110|000002||
|C110|000012||
|C110|000003||
|C110|000009||
|C110|000010||
|C110|000004||
|C110|000011||
|C110|000013||
|C110|000005||
|C190|351|5101|18|10094,92|9777,2|879,94|0|0|0|317,76||
|C190|551|5101|18|2930,38|2838,16|255,42|0|0|0|92,24||
|C100|1|0|C0000001937|55|00|002|213382|31231002258243000400550020002133821873272607|06102023|06102023|16079,58|1|0|0|15573,42|0|0|0|0|15573,48|1401,62|0|0|506,16|256,94|1183,58|15,58|77,86|
|C110|000001||
|C110|000006||
|C110|000007||
|C110|000008||
|C110|000002||
|C110|000012||
|C110|000003||
|C110|000009||
|C110|000010||
|C110|000004||
|C110|000011||
|C110|000013||
|C110|000005||
|C190|351|5101|18|10461,56|10132,28|911,9|0|0|0|329,3||
|C190|551|5101|18|5618,02|5441,2|489,72|0|0|0|176,86||
|C100|1|0|C0000001937|55|00|002|213383|31231002258243000400550020002133831177132332|06102023|06102023|19600,9|1|0|0|18983,92|0|0|0|0|18984|1708,54|0|0|616,98|313,22|1442,8|19,02|94,9|
|C110|000001||
|C110|000006||
|C110|000007||
|C110|000008||
|C110|000002||
|C110|000012||
|C110|000003||
|C110|000009||
|C110|000010||
|C110|000004||
|C110|000011||
|C110|000013||
|C110|000005||
|C190|351|5101|18|13390,3|12968,84|1167,18|0|0|0|421,5||
|C190|551|5101|18|6210,6|6015,16|541,36|0|0|0|195,48||
|C100|1|0|C0000001937|55|00|002|213384|31231002258243000400550020002133841132914525|06102023|06102023|25226,96|1|0|0|24432,9|0|0|0|0|24432,92|2198,98|0|0|794,06|403,14|1856,92|24,44|122,16|
|C110|000001||
|C110|000006||
|C110|000007||
|C110|000008||
|C110|000002||
|C110|000012||
|C110|000003||
|C110|000009||
|C110|000010||
|C110|000004||
|C110|000011||
|C110|000013||
|C110|000005||
|C190|351|5101|18|13659,8|13229,84|1190,7|0|0|0|429,96||
|C190|551|5101|18|11567,16|11203,08|1008,28|0|0|0|364,1||
|C100|1|0|C0000001937|55|00|002|213385|31231002258243000400550020002133851233426230|06102023|06102023|13901,42|1|0|0|13463,86|0|0|0|0|13463,96|1211,76|0|0|437,56|222,16|1023,26|13,44|67,32|
|C110|000001||
|C110|000006||
|C110|000007||
|C110|000008||
|C110|000002||
|C110|000012||
|C110|000003||
|C110|000009||
|C110|000010||
|C110|000004||
|C110|000011||
|C110|000013||
|C110|000005||
|C190|351|5101|18|10011,38|9696,32|872,66|0|0|0|315,12||
|C190|551|5101|18|3890,04|3767,64|339,1|0|0|0|122,44||
|C100|1|0|C0000001937|55|00|002|213386|31231002258243000400550020002133861818112414|06102023|06102023|8716,56|1|0|0|8442,2|0|0|0|0|8442,24|759,8|0|0|274,36|139,3|641,62|8,44|42,2|
|C110|000001||
|C110|000002||
|C110|000003||
|C110|000004||
|C110|000005||
|C190|351|5101|18|8716,56|8442,24|759,8|0|0|0|274,36||
|C100|1|0|C0000001937|55|00|002|213387|31231002258243000400550020002133871045167995|06102023|06102023|22792,44|1|0|0|22075,02|0|0|0|0|22075,04|1986,72|0|0|717,42|364,26|1677,72|22,08|110,36|
|C110|000001||
|C110|000006||
|C110|000007||
|C110|000008||
|C110|000002||
|C110|000012||
|C110|000003||
|C110|000009||
|C110|000010||
|C110|000004||
|C110|000011||
|C110|000013||
|C110|000005||
|C190|351|5101|18|15194,4|14716,16|1324,42|0|0|0|478,26||
|C190|551|5101|18|7598,04|7358,88|662,3|0|0|0|239,16||
|C100|1|0|C0000001937|55|00|002|213388|31231002258243000400550020002133881565437935|06102023|06102023|13626,84|1|0|0|13197,92|0|0|0|0|13197,96|1187,82|0|0|428,92|217,76|1003,06|13,2|65,98|
|C110|000001||
|C110|000006||
|C110|000007||
|C110|000008||
|C110|000002||
|C110|000012||
|C110|000003||
|C110|000009||
|C110|000010||
|C110|000004||
|C110|000011||
|C110|000013||
|C110|000005||
|C190|351|5101|18|8963,3|8681,2|781,32|0|0|0|282,12||
|C190|551|5101|18|4663,54|4516,76|406,5|0|0|0|146,8||
|C100|1|0|C0000001937|55|00|002|213389|31231002258243000400550020002133891026469889|06102023|06102023|16401,3|1|0|0|15885,06|0|0|0|0|15885,16|1429,68|0|0|516,24|262,1|1207,28|15,9|79,44|
|C110|000001||
|C110|000006||
|C110|000007||
|C110|000008||
|C110|000002||
|C110|000012||
|C110|000003||
|C110|000009||
|C110|000010||
|C110|000004||
|C110|000011||
|C110|000013||
|C110|000005||
|C190|351|5101|18|10974,74|10629,36|956,64|0|0|0|345,44||
|C190|551|5101|18|5426,56|5255,8|473,04|0|0|0|170,8||
|C100|1|0|C0000001937|55|00|002|213390|31231002258243000400550020002133901762170115|06102023|06102023|14788,4|1|0|0|14322,92|0|0|0|0|14323|1289,08|0|0|465,48|236,32|1088,54|14,34|71,62|
|C110|000001||
|C110|000008||
|C110|000002||
|C110|000012||
|C110|000003||
|C110|000009||
|C110|000010||
|C110|000004||
|C110|000011||
|C110|000013||
|C110|000005||
|C190|351|5101|18|11354,7|10997,32|989,76|0|0|0|357,4||
|C190|551|5101|18|3433,7|3325,68|299,32|0|0|0|108,08||
|C100|1|0|C0000001937|55|00|002|213544|31231002258243000400550020002135441965931070|17102023|17102023|13708,9|1|0|0|13277,38|0|0|0|0|13277,44|1194,98|0|0|431,52|219,08|1009,1|13,26|66,38|
|C110|000001||
|C110|000006||
|C110|000007||
|C110|000008||
|C110|000009||
|C110|000010||
|C110|000011||
|C110|000002||
|C110|000003||
|C110|000004||
|C110|000005||
|C110|000012||
|C110|000013||
|C190|351|5101|18|8922,78|8641,96|777,78|0|0|0|280,86||
|C190|551|5101|18|4786,12|4635,48|417,2|0|0|0|150,66||
|C100|1|0|C0000001937|55|00|002|213545|31231002258243000400550020002135451107656316|17102023|17102023|15673,12|1|0|0|15179,8|0|0|0|0|15179,84|1366,2|0|0|493,32|250,46|1153,66|15,2|75,9|
|C110|000001||
|C110|000008||
|C110|000009||
|C110|000010||
|C110|000011||
|C110|000002||
|C110|000003||
|C110|000004||
|C110|000005||
|C110|000012||
|C110|000013||
|C190|351|5101|18|10807,06|10466,92|942,02|0|0|0|340,16||
|C190|551|5101|18|4866,06|4712,92|424,18|0|0|0|153,16||
|C100|1|0|C0000001937|55|00|002|213391|31231002258243000400550020002133911140004006|07102023|07102023|16349,88|1|0|0|15835,26|0|0|0|0|15835,36|1425,16|0|0|514,62|261,28|1203,48|15,82|79,18|
|C110|000001||
|C110|000008||
|C110|000002||
|C110|000012||
|C110|000003||
|C110|000009||
|C110|000010||
|C110|000004||
|C110|000011||
|C110|000013||
|C110|000005||
|C190|351|5101|18|12608,96|12212,12|1099,06|0|0|0|396,88||
|C190|551|5101|18|3740,92|3623,24|326,1|0|0|0|117,74||
|C100|1|0|C0000001937|55|00|002|213392|31231002258243000400550020002133921643330504|07102023|07102023|16692,4|1|0|0|16166,98|0|0|0|0|16167|1455|0|0|525,42|266,76|1228,68|16,18|80,82|
|C110|000001||
|C110|000006||
|C110|000007||
|C110|000008||
|C110|000002||
|C110|000012||
|C110|000003||
|C110|000009||
|C110|000010||
|C110|000004||
|C110|000011||
|C110|000013||
|C110|000005||
|C190|351|5101|18|11278,66|10923,64|983,12|0|0|0|355,02||
|C190|551|5101|18|5413,74|5243,36|471,88|0|0|0|170,4||
|C100|1|0|C0000001937|55|00|002|213393|31231002258243000400550020002133931391996543|07102023|07102023|10513,74|1|0|0|10182,8|0|0|0|0|10182,8|916,46|0|0|330,94|168,02|773,9|10,2|50,94|
|C110|000001||
|C110|000006||
|C110|000007||
|C110|000008||
|C110|000002||
|C110|000003||
|C110|000009||
|C110|000004||
|C110|000005||
|C190|351|5101|18|10513,74|10182,8|916,46|0|0|0|330,94||
|C100|1|0|C0000001937|55|00|002|213394|31231002258243000400550020002133941798741618|07102023|07102023|24757,7|1|0|0|23978,4|0|0|0|0|23978,48|2158,06|0|0|779,3|395,64|1822,34|23,98|119,88|
|C110|000001||
|C110|000008||
|C110|000002||
|C110|000012||
|C110|000003||
|C110|000009||
|C110|000010||
|C110|000004||
|C110|000011||
|C110|000013||
|C110|000005||
|C190|351|5101|18|15663,7|15170,72|1365,36|0|0|0|493,04||
|C190|551|5101|18|9094|8807,76|792,7|0|0|0|286,26||
|C100|1|0|C0000001937|55|00|002|213395|31231002258243000400550020002133951807911395|07102023|07102023|20772,36|1|0|0|20118,54|0|0|0|0|20118,6|1810,68|0|0|653,82|331,96|1529,02|20,12|100,6|
|C110|000001||
|C110|000008||
|C110|000002||
|C110|000012||
|C110|000003||
|C110|000009||
|C110|000010||
|C110|000004||
|C110|000011||
|C110|000013||
|C110|000005||
|C190|351|5101|18|15410,86|14925,8|1343,34|0|0|0|485,08||
|C190|551|5101|18|5361,5|5192,8|467,34|0|0|0|168,74||
|C100|1|0|C0000001937|55|00|002|213396|31231002258243000400550020002133961371192939|07102023|07102023|18246,94|1|0|0|17672,6|0|0|0|0|17672,64|1590,52|0|0|574,34|291,6|1343,12|17,66|88,36|
|C110|000001||
|C110|000008||
|C110|000002||
|C110|000003||
|C110|000009||
|C110|000010||
|C110|000004||
|C110|000011||
|C110|000005||
|C110|000012||
|C110|000013||
|C190|351|5101|18|12503,76|12110,2|1089,9|0|0|0|393,56||
|C190|551|5101|18|5743,18|5562,44|500,62|0|0|0|180,78||
|C100|1|0|C0000001937|55|00|002|213397|31231002258243000400550020002133971268077046|07102023|07102023|15057,54|1|0|0|14583,6|0|0|0|0|14583,64|1312,52|0|0|473,94|240,62|1108,36|14,58|72,92|
|C110|000001||
|C110|000008||
|C110|000002||
|C110|000003||
|C110|000009||
|C110|000010||
|C110|000004||
|C110|000011||
|C110|000005||
|C110|000012||
|C110|000013||
|C190|351|5101|18|10725,2|10387,64|934,88|0|0|0|337,58||
|C190|551|5101|18|4332,34|4196|377,64|0|0|0|136,36||
|C100|1|0|C0000001937|55|00|002|213398|31231002258243000400550020002133981089818090|07102023|07102023|17071,86|1|0|0|16534,5|0|0|0|0|16534,52|1488,12|0|0|537,36|272,82|1256,62|16,54|82,66|
|C110|000001||
|C110|000008||
|C110|000002||
|C110|000003||
|C110|000009||
|C110|000010||
|C110|000004||
|C110|000011||
|C110|000005||
|C110|000012||
|C110|000013||
|C190|351|5101|18|11816,56|11444,64|1030,02|0|0|0|371,94||
|C190|551|5101|18|5255,3|5089,88|458,1|0|0|0|165,42||
|C100|0|1|B00310001|55|00|002|326278|41231002258243000150550020003262781515029730|06102023|07102023|87306,46|2|0|0|87306,46|1|0|0|0|87306,46|3492,26|0|0|0|0|0|0|0|
|C110|000014||
|C170|1|C63442-106|Acion.vid jan ES-EL-OE-LI-AN-LL-341__-N|720|PÇ|43273,73|0|0|300|2151|2151/AA|43273,73|4|1730,95|0|0|0|0|05||0|0|0|98|0|0|0|0|0|98|0|0|0|0|0||0|
|C170|2|C63443-106|Acion.vid jan ES-EL-OE-RE-AN-LL-341__-N|720|PÇ|44032,73|0|0|300|2151|2151/AA|44032,73|4|1761,31|0|0|0|0|05||0|0|0|98|0|0|0|0|0|98|0|0|0|0|0||0|
|C190|300|2151|4|87306,46|87306,46|3492,26|0|0|0|0||
|C100|0|1|B00310001|55|00|002|326279|41231002258243000150550020003262791936708592|06102023|07102023|14705,95|2|0|0|14705,95|1|0|0|0|14705,95|1764,71|0|0|0|0|0|0|0|
|C110|000014||
|C170|1|C63446-106|Acion.vid jan ES-MA-OE-LI-AN-LL-341__-N|520|PÇ|14705,95|0|0|500|2151|2151/AA|14705,95|12|1764,71|0|0|0|0|05||0|0|0|98|0|0|0|0|0|98|0|0|0|0|0||0|
|C190|500|2151|12|14705,95|14705,95|1764,71|0|0|0|0||
|C100|0|1|B00310001|55|00|002|326280|41231002258243000150550020003262801596534861|06102023|07102023|24258,55|2|0|0|24258,55|1|0|0|0|24258,55|2911,03|0|0|0|0|0|0|0|
|C110|000014||
|C170|1|E46962-103|Acion.vid jan ES-EL-OE-LI-AN-LL-199__-N|480|PÇ|24258,55|0|0|500|2151|2151/AA|24258,55|12|2911,03|0|0|0|0|05||0|0|0|98|0|0|0|0|0|98|0|0|0|0|0||0|
|C190|500|2151|12|24258,55|24258,55|2911,03|0|0|0|0||
|C100|0|1|B00310001|55|00|002|326281|41231002258243000150550020003262811859735525|06102023|07102023|14562,6|2|0|0|14562,6|1|0|0|0|14562,6|1747,51|0|0|0|0|0|0|0|
|C110|000014||
|C170|1|C63447-106|Acion.vid jan ES-MA-OE-RE-AN-LL-341__-N|520|PÇ|14562,6|0|0|500|2151|2151/AA|14562,6|12|1747,51|0|0|0|0|05||0|0|0|98|0|0|0|0|0|98|0|0|0|0|0||0|
|C190|500|2151|12|14562,6|14562,6|1747,51|0|0|0|0||
|C100|0|1|B00310001|55|00|002|326282|41231002258243000150550020003262821950491711|06102023|07102023|24292,91|2|0|0|24292,91|1|0|0|0|24292,91|2915,15|0|0|0|0|0|0|0|
|C110|000014||
|C170|1|E46961-103|Acion.vid jan ES-EL-OE-RE-AN-LL-199__-N|480|PÇ|24292,91|0|0|500|2151|2151/AA|24292,91|12|2915,15|0|0|0|0|05||0|0|0|98|0|0|0|0|0|98|0|0|0|0|0||0|
|C190|500|2151|12|24292,91|24292,91|2915,15|0|0|0|0||
|C100|0|1|B00310001|55|00|002|326283|41231002258243000150550020003262831746088995|06102023|07102023|66931,54|2|0|0|66931,54|1|0|0|0|66931,54|8031,78|0|0|0|0|0|0|0|
|C110|000014||
|C170|1|E46965-102|Acion.vid jan ES-EL-OE-RE-AN-LL-X6H__-N|720|PÇ|36503,02|0|0|500|2151|2151/AA|36503,02|12|4380,36|0|0|0|0|05||0|0|0|98|0|0|0|0|0|98|0|0|0|0|0||0|
|C170|2|E46966-102|Acion.vid jan ES-EL-OE-LI-AN-LL-X6H__-N|600|PÇ|30428,52|0|0|500|2151|2151/AA|30428,52|12|3651,42|0|0|0|0|05||0|0|0|98|0|0|0|0|0|98|0|0|0|0|0||0|
|C190|500|2151|12|66931,54|66931,54|8031,78|0|0|0|0||
|C100|0|1|B00310001|55|00|002|326293|41231002258243000150550020003262931384345230|06102023|07102023|6061,63|2|0|0|6061,63|1|0|0|0|6061,63|727,4|0|0|0|0|0|0|0|
|C110|000014||
|C170|1|C63445-104|Acion.vid jan ES-MA-OE-RE-AN-LL-341__-N|180|PÇ|6061,63|0|0|000|2151|2151/AA|6061,63|12|727,4|0|0|0|0|05||0|0|0|98|0|0|0|0|0|98|0|0|0|0|0||0|
|C190|000|2151|12|6061,63|6061,63|727,4|0|0|0|0||
|C100|0|1|B00310001|55|00|002|326296|41231002258243000150550020003262961855693626|06102023|07102023|60782,89|2|0|0|60782,89|1|0|0|0|60782,89|2431,32|0|0|0|0|0|0|0|
|C110|000014||
|C170|1|E47181-104|Acion.vid jan ES-EL-OE-RE-AN-LL-341__-N|360|PÇ|22926,26|0|0|300|2151|2151/AA|22926,26|4|917,05|0|0|0|0|05||0|0|0|98|0|0|0|0|0|98|0|0|0|0|0||0|
|C170|2|E47182-104|Acion.vid jan ES-EL-OE-LI-AN-LL-341__-N|600|PÇ|37856,63|0|0|300|2151|2151/AA|37856,63|4|1514,27|0|0|0|0|05||0|0|0|98|0|0|0|0|0|98|0|0|0|0|0||0|
|C190|300|2151|4|60782,89|60782,89|2431,32|0|0|0|0||
|C100|0|1|V0002000031|55|00|002|326297|41231002258243000150550020003262971751536882|06102023|07102023|37400|2|0|0|37400|0|0|0|0|0|0|0|0|0|0|0|0|0|
|C110|000015||
|C110|000014||
|C170|1|3044J2-000|GLT FOR-KLBE-M-KU-___-1.200-1.000- 975|44|PÇ|37400|0|0|040|2920|2920/AA|0|0|0|0|0|0|0|05||0|0|0|98|0|0|0|0|0|98|0|0|0|0|0||0|
|C190|040|2920|0|37400|0|0|0|0|0|0||
|C100|1|0|C0001000031|55|00|002|213399|31231002258243000400550020002133991509849445|07102023|07102023|78200|0|0|0|78200|1|0|0|0|0|0|0|0|0|1290,3|5943,2|0|0|
|C110|000016||
|C110|000017||
|C110|000018||
|C110|000019||
|C190|040|6920|0|78200|0|0|0|0|0|0||
|C100|1|0|C0000001937|55|00|002|213400|31231002258243000400550020002134001390379822|07102023|07102023|13813,56|1|0|0|13378,76|0|0|0|0|13378,84|1204,08|0|0|434,8|220,76|1016,8|13,38|66,9|
|C110|000001||
|C110|000008||
|C110|000002||
|C110|000003||
|C110|000009||
|C110|000010||
|C110|000004||
|C110|000011||
|C110|000005||
|C110|000012||
|C110|000013||
|C190|351|5101|18|9732,42|9426,12|848,34|0|0|0|306,34||
|C190|551|5101|18|4081,14|3952,72|355,74|0|0|0|128,46||
|C100|1|0|C0000001937|55|00|002|213401|31231002258243000400550020002134011004632775|07102023|07102023|13965,06|1|0|0|13525,48|0|0|0|0|13525,52|1217,3|0|0|439,58|223,18|1027,92|13,52|67,62|
|C110|000001||
|C110|000008||
|C110|000002||
|C110|000003||
|C110|000009||
|C110|000010||
|C110|000004||
|C110|000011||
|C110|000005||
|C110|000012||
|C110|000013||
|C190|351|5101|18|8268,32|8008,08|720,72|0|0|0|260,26||
|C190|551|5101|18|5696,74|5517,44|496,58|0|0|0|179,32||
|C100|1|0|C0000001937|55|00|002|213402|31231002258243000400550020002134021382252198|07102023|07102023|15004,68|1|0|0|14532,38|0|0|0|0|14532,48|1307,92|0|0|472,3|239,78|1104,46|14,52|72,66|
|C110|000001||
|C110|000008||
|C110|000002||
|C110|000003||
|C110|000009||
|C110|000010||
|C110|000004||
|C110|000011||
|C110|000005||
|C110|000012||
|C110|000013||
|C190|351|5101|18|9554,5|9253,8|832,84|0|0|0|300,74||
|C190|551|5101|18|5450,18|5278,68|475,08|0|0|0|171,56||
|C100|1|0|C0000001937|55|00|002|213403|31231002258243000400550020002134031734364644|07102023|07102023|14647,44|1|0|0|14186,4|0|0|0|0|14186,44|1276,78|0|0|461,04|234,1|1078,16|14,2|70,9|
|C110|000001||
|C110|000008||
|C110|000002||
|C110|000003||
|C110|000009||
|C110|000010||
|C110|000004||
|C110|000011||
|C110|000005||
|C110|000012||
|C110|000013||
|C190|351|5101|18|8890,02|8610,2|774,92|0|0|0|279,82||
|C190|551|5101|18|5757,42|5576,24|501,86|0|0|0|181,22||
|C100|1|0|C0000001937|55|00|002|213404|31231002258243000400550020002134041412683200|07102023|07102023|13561,48|1|0|0|13134,6|0|0|0|0|13134,64|1182,1|0|0|426,88|216,7|998,24|13,12|65,66|
|C110|000001||
|C110|000008||
|C110|000002||
|C110|000003||
|C110|000009||
|C110|000010||
|C110|000004||
|C110|000011||
|C110|000005||
|C110|000012||
|C110|000013||
|C190|351|5101|18|9009,94|8726,36|785,36|0|0|0|283,6||
|C190|551|5101|18|4551,54|4408,28|396,74|0|0|0|143,28||
|C100|1|0|C0000001937|55|00|002|213405|31231002258243000400550020002134051580259832|07102023|07102023|14979,98|1|0|0|14508,46|0|0|0|0|14508,52|1305,78|0|0|471,52|239,36|1102,66|14,5|72,54|
|C110|000001||
|C110|000008||
|C110|000002||
|C110|000003||
|C110|000009||
|C110|000010||
|C110|000004||
|C110|000011||
|C110|000005||
|C110|000012||
|C110|000013||
|C190|351|5101|18|10275,02|9951,64|895,64|0|0|0|323,42||
|C190|551|5101|18|4704,96|4556,88|410,14|0|0|0|148,1||
|C100|1|0|C0000001937|55|00|002|213406|31231002258243000400550020002134061815934949|07102023|07102023|17464,5|1|0|0|16914,78|0|0|0|0|16914,8|1522,36|0|0|549,72|279,1|1285,54|16,94|84,6|
|C110|000001||
|C110|000008||
|C110|000002||
|C110|000003||
|C110|000009||
|C110|000010||
|C110|000004||
|C110|000011||
|C110|000005||
|C110|000012||
|C110|000013||
|C190|351|5101|18|14088,32|13644,88|1228,06|0|0|0|443,44||
|C190|551|5101|18|3376,18|3269,92|294,3|0|0|0|106,28||
|C100|1|0|C0000001937|55|00|002|213407|31231002258243000400550020002134071260726264|07102023|07102023|11453,64|1|0|0|11093,12|0|0|0|0|11093,12|998,36|0|0|360,52|183,04|843,08|11,1|55,46|
|C110|000001||
|C110|000008||
|C110|000002||
|C110|000003||
|C110|000009||
|C110|000010||
|C110|000004||
|C110|000011||
|C110|000005||
|C110|000012||
|C110|000013||
|C190|351|5101|18|9600,3|9298,12|836,82|0|0|0|302,18||
|C190|551|5101|18|1853,34|1795|161,54|0|0|0|58,34||
|C100|1|0|C0000001937|55|00|002|213408|31231002258243000400550020002134081183816630|07102023|07102023|17838,6|1|0|0|17277,1|0|0|0|0|17277,2|1554,94|0|0|561,5|285,08|1313,08|17,28|86,38|
|C110|000001||
|C110|000008||
|C110|000002||
|C110|000003||
|C110|000009||
|C110|000010||
|C110|000004||
|C110|000011||
|C110|000005||
|C110|000012||
|C110|000013||
|C190|351|5101|18|15323,46|14841,2|1335,7|0|0|0|482,32||
|C190|551|5101|18|2515,14|2436|219,24|0|0|0|79,18||
|C100|1|0|C0000001937|55|00|002|213409|31231002258243000400550020002134091643798009|07102023|07102023|13737,64|1|0|0|13305,24|0|0|0|0|13305,32|1197,48|0|0|432,4|219,52|1011,2|13,28|66,56|
|C110|000001||
|C110|000008||
|C110|000002||
|C110|000003||
|C110|000009||
|C110|000010||
|C110|000004||
|C110|000011||
|C110|000005||
|C110|000012||
|C110|000013||
|C190|351|5101|18|11166,52|10815,08|973,36|0|0|0|351,48||
|C190|551|5101|18|2571,12|2490,24|224,12|0|0|0|80,92||
|C100|1|0|C0000001937|55|00|002|213410|31231002258243000400550020002134101496154863|07102023|07102023|13504,72|1|0|0|13079,64|0|0|0|0|13079,68|1177,18|0|0|425,08|215,8|994,06|13,06|65,38|
|C110|000001||
|C110|000008||
|C110|000002||
|C110|000003||
|C110|000009||
|C110|000010||
|C110|000004||
|C110|000011||
|C110|000005||
|C110|000012||
|C110|000013||
|C190|351|5101|18|10132,36|9813,44|883,2|0|0|0|318,92||
|C190|551|5101|18|3372,36|3266,24|293,98|0|0|0|106,16||
|C100|1|0|C0000001937|55|00|002|213411|31231002258243000400550020002134111259571980|07102023|07102023|14123,52|1|0|0|13678,98|0|0|0|0|13679|1231,1|0|0|444,54|225,7|1039,6|13,7|68,4|
|C110|000001||
|C110|000008||
|C110|000002||
|C110|000003||
|C110|000009||
|C110|000010||
|C110|000004||
|C110|000011||
|C110|000005||
|C110|000012||
|C110|000013||
|C190|351|5101|18|12376,66|11987,12|1078,84|0|0|0|389,56||
|C190|551|5101|18|1746,86|1691,88|152,26|0|0|0|54,98||
|C100|1|0|C0000001937|55|00|002|213546|31231002258243000400550020002135461284033823|17102023|17102023|16927,76|1|0|0|16394,94|0|0|0|0|16395|1475,54|0|0|532,82|270,48|1246,02|16,38|81,94|
|C110|000001||
|C110|000006||
|C110|000007||
|C110|000008||
|C110|000009||
|C110|000002||
|C110|000003||
|C110|000010||
|C110|000004||
|C110|000011||
|C110|000005||
|C110|000012||
|C110|000013||
|C190|351|5101|18|10664,22|10328,56|929,56|0|0|0|335,68||
|C190|551|5101|18|6263,54|6066,44|545,98|0|0|0|197,14||
|C100|1|0|C0000001937|55|00|002|213547|31231002258243000400550020002135471386037353|17102023|17102023|15321,18|1|0|0|14838,9|0|0|0|0|14838,96|1335,52|0|0|482,28|244,84|1127,76|14,84|74,16|
|C110|000001||
|C110|000006||
|C110|000007||
|C110|000008||
|C110|000009||
|C110|000002||
|C110|000003||
|C110|000010||
|C110|000004||
|C110|000011||
|C110|000005||
|C110|000012||
|C110|000013||
|C190|351|5101|18|10456,1|10127|911,44|0|0|0|329,14||
|C190|551|5101|18|4865,08|4711,96|424,08|0|0|0|153,14||
|C100|1|0|C0000001937|55|00|002|213548|31231002258243000400550020002135481936971425|17102023|17102023|15745,32|1|0|0|15249,72|0|0|0|0|15249,76|1372,5|0|0|495,6|251,64|1158,98|15,26|76,24|
|C110|000001||
|C110|000006||
|C110|000007||
|C110|000008||
|C110|000009||
|C110|000002||
|C110|000003||
|C110|000010||
|C110|000004||
|C110|000011||
|C110|000005||
|C110|000012||
|C110|000013||
|C190|351|5101|18|11605,66|11240,4|1011,66|0|0|0|365,3||
|C190|551|5101|18|4139,66|4009,36|360,84|0|0|0|130,3||
|C100|1|0|C0000001937|55|00|002|213549|31231002258243000400550020002135491935406616|17102023|17102023|21622,16|1|0|0|20941,56|0|0|0|0|20941,64|1884,74|0|0|680,6|345,54|1591,54|20,96|104,7|
|C110|000001||
|C110|000006||
|C110|000007||
|C110|000008||
|C110|000009||
|C110|000002||
|C110|000003||
|C110|000010||
|C110|000004||
|C110|000011||
|C110|000005||
|C110|000012||
|C110|000013||
|C190|351|5101|18|13119,3|12706,4|1143,58|0|0|0|412,96||
|C190|551|5101|18|8502,86|8235,24|741,16|0|0|0|267,64||
|C100|1|0|C0000001937|55|00|002|213412|31231002258243000400550020002134121665974395|09102023|09102023|14500,88|1|0|0|14044,44|0|0|0|0|14044,52|1264,02|0|0|456,44|231,72|1067,36|14,06|70,24|
|C110|000001||
|C110|000008||
|C110|000002||
|C110|000003||
|C110|000009||
|C110|000010||
|C110|000004||
|C110|000011||
|C110|000005||
|C110|000012||
|C110|000013||
|C190|351|5101|18|11845,98|11473,16|1032,58|0|0|0|372,86||
|C190|551|5101|18|2654,9|2571,36|231,44|0|0|0|83,58||
|C100|1|0|C0000001937|55|00|002|213413|31231002258243000400550020002134131192818771|09102023|09102023|13695,5|1|0|0|13264,4|0|0|0|0|13264,44|1193,78|0|0|431,1|218,88|1008,1|13,26|66,34|
|C110|000001||
|C110|000006||
|C110|000007||
|C110|000008||
|C110|000002||
|C110|000003||
|C110|000009||
|C110|000010||
|C110|000004||
|C110|000011||
|C110|000005||
|C110|000012||
|C110|000013||
|C190|351|5101|18|11175,7|10823,92|974,14|0|0|0|351,78||
|C190|551|5101|18|2519,8|2440,52|219,64|0|0|0|79,32||
|C100|1|0|C0000001937|55|00|002|213414|31231002258243000400550020002134141082817891|09102023|09102023|9036,38|1|0|0|8751,94|0|0|0|0|8752|787,68|0|0|284,44|144,4|665,16|8,76|43,74|
|C110|000001||
|C110|000008||
|C110|000002||
|C110|000003||
|C110|000009||
|C110|000010||
|C110|000004||
|C110|000011||
|C110|000005||
|C110|000012||
|C110|000013||
|C190|351|5101|18|7196,4|6969,92|627,28|0|0|0|226,52||
|C190|551|5101|18|1839,98|1782,08|160,4|0|0|0|57,92||
|C100|1|0|C0000001937|55|00|002|213415|31231002258243000400550020002134151835025757|09102023|09102023|8917,18|1|0|0|8636,5|0|0|0|0|8636,52|777,28|0|0|280,68|142,5|656,36|8,64|43,18|
|C110|000001||
|C110|000008||
|C110|000002||
|C110|000003||
|C110|000009||
|C110|000010||
|C110|000004||
|C110|000011||
|C110|000005||
|C190|351|5101|18|8195,02|7937,08|714,34|0|0|0|257,94||
|C190|551|5101|18|722,16|699,44|62,94|0|0|0|22,74||
|C100|1|0|C0000001937|55|00|002|213416|31231002258243000400550020002134161269205975|09102023|09102023|12055,32|1|0|0|11675,86|0|0|0|0|11675,92|1050,82|0|0|379,46|192,64|887,36|11,68|58,38|
|C110|000001||
|C110|000008||
|C110|000002||
|C110|000003||
|C110|000009||
|C110|000010||
|C110|000004||
|C110|000011||
|C110|000005||
|C110|000012||
|C110|000013||
|C190|351|5101|18|10881,48|10539|948,5|0|0|0|342,5||
|C190|551|5101|18|1173,84|1136,92|102,32|0|0|0|36,96||
|C100|1|0|C0000001937|55|00|002|213417|31231002258243000400550020002134171533991230|09102023|09102023|13240,06|1|0|0|12823,32|0|0|0|0|12823,4|1154,12|0|0|416,74|211,58|974,58|12,84|64,1|
|C110|000001||
|C110|000008||
|C110|000002||
|C110|000003||
|C110|000009||
|C110|000010||
|C110|000004||
|C110|000011||
|C110|000005||
|C110|000012||
|C110|000013||
|C190|351|5101|18|11567,58|11203,52|1008,32|0|0|0|364,1||
|C190|551|5101|18|1672,48|1619,88|145,8|0|0|0|52,64||
|C100|1|0|C0000001937|55|00|002|213418|31231002258243000400550020002134181428920384|09102023|09102023|9066,62|1|0|0|8781,24|0|0|0|0|8781,28|790,32|0|0|285,38|144,88|667,38|8,8|43,92|
|C110|000001||
|C110|000006||
|C110|000007||
|C110|000008||
|C110|000002||
|C110|000003||
|C110|000009||
|C110|000010||
|C110|000004||
|C110|000011||
|C110|000005||
|C190|351|5101|18|7477,9|7242,56|651,84|0|0|0|235,38||
|C190|551|5101|18|1588,72|1538,72|138,48|0|0|0|50||
|C100|1|0|C0000001937|55|00|002|213419|31231002258243000400550020002134191642650942|09102023|09102023|14897,4|1|0|0|14428,48|0|0|0|0|14428,56|1298,6|0|0|468,92|238,08|1096,58|14,46|72,18|
|C110|000001||
|C110|000008||
|C110|000002||
|C110|000003||
|C110|000009||
|C110|000010||
|C110|000004||
|C110|000011||
|C110|000005||
|C110|000006||
|C110|000007||
|C110|000012||
|C110|000013||
|C190|351|5101|18|10015,26|9700,04|873,02|0|0|0|315,24||
|C190|551|5101|18|4882,14|4728,52|425,58|0|0|0|153,68||
|C100|1|0|C0000001937|55|00|002|213420|31231002258243000400550020002134201754221750|09102023|09102023|15637,74|1|0|0|15145,54|0|0|0|0|15145,6|1363,08|0|0|492,2|249,9|1151,06|15,16|75,72|
|C110|000001||
|C110|000008||
|C110|000002||
|C110|000003||
|C110|000009||
|C110|000010||
|C110|000004||
|C110|000011||
|C110|000005||
|C110|000012||
|C110|000006||
|C110|000007||
|C110|000013||
|C190|351|5101|18|8226,14|7967,24|717,04|0|0|0|258,92||
|C190|551|5101|18|7411,6|7178,36|646,04|0|0|0|233,28||
|C100|1|0|C0000001937|55|00|002|213421|31231002258243000400550020002134211817860698|09102023|09102023|14691,16|1|0|0|14228,74|0|0|0|0|14228,84|1280,58|0|0|462,42|234,76|1081,38|14,26|71,14|
|C110|000001||
|C110|000008||
|C110|000002||
|C110|000003||
|C110|000009||
|C110|000010||
|C110|000004||
|C110|000011||
|C110|000005||
|C110|000012||
|C110|000006||
|C110|000007||
|C110|000013||
|C190|351|5101|18|10018,28|9703|873,26|0|0|0|315,34||
|C190|551|5101|18|4672,88|4525,84|407,32|0|0|0|147,08||
|C100|1|0|C0000001937|55|00|002|213422|31231002258243000400550020002134221957923541|09102023|09102023|10470,5|1|0|0|10140,94|0|0|0|0|10141|912,7|0|0|329,56|167,34|770,72|10,14|50,68|
|C110|000001||
|C110|000008||
|C110|000003||
|C110|000009||
|C110|000010||
|C110|000011||
|C110|000005||
|C110|000002||
|C110|000004||
|C110|000012||
|C110|000013||
|C190|351|5101|18|4702,86|4554,88|409,94|0|0|0|148,02||
|C190|551|5101|18|5767,64|5586,12|502,76|0|0|0|181,54||
|C100|1|0|C0000001937|55|00|002|213550|31231002258243000400550020002135501311652510|17102023|17102023|11442,72|1|0|0|11082,54|0|0|0|0|11082,6|997,42|0|0|360,18|182,86|842,26|11,08|55,42|
|C110|000001||
|C110|000006||
|C110|000007||
|C110|000009||
|C110|000008||
|C110|000002||
|C110|000003||
|C110|000010||
|C110|000004||
|C110|000011||
|C110|000005||
|C190|351|5101|18|7933,6|7683,92|691,54|0|0|0|249,72||
|C190|551|5101|18|3509,12|3398,68|305,88|0|0|0|110,46||
|C100|1|0|C0000001937|55|00|002|213551|31231002258243000400550020002135511542642240|17102023|17102023|19036,2|1|0|0|18437|0|0|0|0|18437,08|1659,34|0|0|599,2|304,18|1401,2|18,44|92,2|
|C110|000001||
|C110|000006||
|C110|000007||
|C110|000009||
|C110|000008||
|C110|000002||
|C110|000003||
|C110|000010||
|C110|000004||
|C110|000011||
|C110|000005||
|C190|351|5101|18|14436,14|13981,8|1258,36|0|0|0|454,4||
|C190|551|5101|18|4600,06|4455,28|400,98|0|0|0|144,8||
|C100|1|0|C0000001937|55|00|002|213448|31231002258243000400550020002134481080603612|10102023|10102023|16262,12|1|0|0|15750,28|0|0|0|0|15750,36|1417,52|0|0|511,84|259,88|1197|15,74|78,72|
|C110|000001||
|C110|000008||
|C110|000002||
|C110|000003||
|C110|000009||
|C110|000010||
|C110|000004||
|C110|000011||
|C110|000005||
|C110|000012||
|C110|000013||
|C190|351|5101|18|11076,58|10727,96|965,52|0|0|0|348,64||
|C190|551|5101|18|5185,54|5022,4|452|0|0|0|163,2||
|C100|0|1|B00310001|55|00|002|326475|41231002258243000150550020003264751421237702|16102023|17102023|7352,98|2|0|0|7352,98|1|0|0|0|7352,98|882,36|0|0|0|0|0|0|0|
|C110|000014||
|C170|1|C63446-106|Acion.vid jan ES-MA-OE-LI-AN-LL-341__-N|260|PÇ|7352,98|0|0|500|2151|2151/AA|7352,98|12|882,36|0|0|0|0|05||0|0|0|98|0|0|0|0|0|98|0|0|0|0|0||0|
|C190|500|2151|12|7352,98|7352,98|882,36|0|0|0|0||
|C100|0|1|B00310001|55|00|002|326476|41231002258243000150550020003264761262272727|16102023|17102023|72191,88|2|0|0|72191,88|1|0|0|0|72191,88|3470,18|0|0|0|0|0|0|0|
|C110|000014||
|C170|1|C63442-106|Acion.vid jan ES-EL-OE-LI-AN-LL-341__-N|1080|PÇ|64910,58|0|0|300|2151|2151/AA|64910,58|4|2596,42|0|0|0|0|05||0|0|0|98|0|0|0|0|0|98|0|0|0|0|0||0|
|C170|2|C63447-106|Acion.vid jan ES-MA-OE-RE-AN-LL-341__-N|260|PÇ|7281,3|0|0|500|2151|2151/AA|7281,3|12|873,76|0|0|0|0|05||0|0|0|98|0|0|0|0|0|98|0|0|0|0|0||0|
|C190|300|2151|4|64910,58|64910,58|2596,42|0|0|0|0||
|C190|500|2151|12|7281,3|7281,3|873,76|0|0|0|0||
|C100|0|1|B00310001|55|00|002|326477|41231002258243000150550020003264771306272180|16102023|17102023|73017,25|2|0|0|73017,25|1|0|0|0|73017,25|8762,07|0|0|0|0|0|0|0|
|C110|000014||
|C170|1|E46965-102|Acion.vid jan ES-EL-OE-RE-AN-LL-X6H__-N|720|PÇ|36503,02|0|0|500|2151|2151/AA|36503,02|12|4380,36|0|0|0|0|05||0|0|0|98|0|0|0|0|0|98|0|0|0|0|0||0|
|C170|2|E46966-102|Acion.vid jan ES-EL-OE-LI-AN-LL-X6H__-N|720|PÇ|36514,23|0|0|500|2151|2151/AA|36514,23|12|4381,71|0|0|0|0|05||0|0|0|98|0|0|0|0|0|98|0|0|0|0|0||0|
|C190|500|2151|12|73017,25|73017,25|8762,07|0|0|0|0||
|C100|0|1|B00310001|55|00|002|326479|41231002258243000150550020003264791935091550|16102023|17102023|3879,8|2|0|0|3879,8|1|0|0|0|3879,8|465,58|0|0|0|0|0|0|0|
|C110|000014||
|C170|1|E46969-102|Acion.vid jan ES-MA-NA-RE-OA-LL-199__-N|160|PÇ|3879,8|0|0|500|2151|2151/AA|3879,8|12|465,58|0|0|0|0|05||0|0|0|98|0|0|0|0|0|98|0|0|0|0|0||0|
|C190|500|2151|12|3879,8|3879,8|465,58|0|0|0|0||
|C100|0|1|B00310001|55|00|002|326483|41231002258243000150550020003264831085311606|16102023|17102023|3880,91|2|0|0|3880,91|1|0|0|0|3880,91|465,71|0|0|0|0|0|0|0|
|C110|000014||
|C170|1|E46970-102|Acion.vid jan ES-MA-NA-LI-OA-LL-199__-N|160|PÇ|3880,91|0|0|500|2151|2151/AA|3880,91|12|465,71|0|0|0|0|05||0|0|0|98|0|0|0|0|0|98|0|0|0|0|0||0|
|C190|500|2151|12|3880,91|3880,91|465,71|0|0|0|0||
|C100|0|1|B00310001|55|00|002|326499|41231002258243000150550020003264991095414670|16102023|17102023|73387,88|2|0|0|73387,88|1|0|0|0|73387,88|2935,52|0|0|0|0|0|0|0|
|C110|000014||
|C170|1|C63443-106|Acion.vid jan ES-EL-OE-RE-AN-LL-341__-N|1200|PÇ|73387,88|0|0|300|2151|2151/AA|73387,88|4|2935,52|0|0|0|0|05||0|0|0|98|0|0|0|0|0|98|0|0|0|0|0||0|
|C190|300|2151|4|73387,88|73387,88|2935,52|0|0|0|0||
|C100|0|1|B00310001|55|00|002|326500|41231002258243000150550020003265001562109314|16102023|17102023|60924,42|2|0|0|60924,42|1|0|0|0|60924,42|2436,98|0|0|0|0|0|0|0|
|C110|000014||
|C170|1|E47181-104|Acion.vid jan ES-EL-OE-RE-AN-LL-341__-N|600|PÇ|38210,44|0|0|300|2151|2151/AA|38210,44|4|1528,42|0|0|0|0|05||0|0|0|98|0|0|0|0|0|98|0|0|0|0|0||0|
|C170|2|E47182-104|Acion.vid jan ES-EL-OE-LI-AN-LL-341__-N|360|PÇ|22713,98|0|0|300|2151|2151/AA|22713,98|4|908,56|0|0|0|0|05||0|0|0|98|0|0|0|0|0|98|0|0|0|0|0||0|
|C190|300|2151|4|60924,42|60924,42|2436,98|0|0|0|0||
|C100|0|1|V0002000031|55|00|002|326501|41231002258243000150550020003265011972837490|16102023|17102023|36550|2|0|0|36550|0|0|0|0|0|0|0|0|0|0|0|0|0|
|C110|000015||
|C110|000014||
|C170|1|3044J2-000|GLT FOR-KLBE-M-KU-___-1.200-1.000- 975|43|PÇ|36550|0|0|040|2920|2920/AA|0|0|0|0|0|0|0|05||0|0|0|98|0|0|0|0|0|98|0|0|0|0|0||0|
|C190|040|2920|0|36550|0|0|0|0|0|0||
|C100|1|0|C0000001937|55|00|002|213552|31231002258243000400550020002135521594213916|17102023|17102023|22849,16|1|0|0|22129,94|0|0|0|0|22129,96|1991,72|0|0|719,22|365,16|1681,86|22,14|110,64|
|C110|000001||
|C110|000009||
|C110|000008||
|C110|000002||
|C110|000003||
|C110|000006||
|C110|000007||
|C110|000010||
|C110|000004||
|C110|000011||
|C110|000005||
|C110|000012||
|C110|000013||
|C190|351|5101|18|17784,68|17224,88|1550,26|0|0|0|559,8||
|C190|551|5101|18|5064,48|4905,08|441,46|0|0|0|159,42||
|C100|1|0|C0000001937|55|00|002|213553|31231002258243000400550020002135531937187426|17102023|17102023|15710,62|1|0|0|15216,08|0|0|0|0|15216,12|1369,44|0|0|494,54|251,06|1156,42|15,2|76,08|
|C110|000001||
|C110|000009||
|C110|000008||
|C110|000002||
|C110|000003||
|C110|000010||
|C110|000004||
|C110|000011||
|C110|000005||
|C110|000012||
|C110|000013||
|C190|351|5101|18|9188,62|8899,4|800,94|0|0|0|289,24||
|C190|551|5101|18|6522|6316,72|568,5|0|0|0|205,3||
|C100|1|0|C0000001937|55|00|002|213554|31231002258243000400550020002135541026641938|17102023|17102023|14837,4|1|0|0|14370,36|0|0|0|0|14370,44|1293,32|0|0|467,04|237,1|1092,16|14,4|71,86|
|C110|000001||
|C110|000008||
|C110|000002||
|C110|000003||
|C110|000009||
|C110|000010||
|C110|000004||
|C110|000011||
|C110|000005||
|C110|000012||
|C110|000013||
|C190|351|5101|18|10169,2|9849,16|886,42|0|0|0|320,1||
|C190|551|5101|18|4668,2|4521,28|406,9|0|0|0|146,94||
|C100|0|1|B00310001|55|00|002|326530|41231002258243000150550020003265301327248740|17102023|18102023|14705,95|2|0|0|14705,95|1|0|0|0|14705,95|1764,71|0|0|0|0|0|0|0|
|C110|000014||
|C170|1|C63446-106|Acion.vid jan ES-MA-OE-LI-AN-LL-341__-N|520|PÇ|14705,95|0|0|500|2151|2151/AA|14705,95|12|1764,71|0|0|0|0|05||0|0|0|98|0|0|0|0|0|98|0|0|0|0|0||0|
|C190|500|2151|12|14705,95|14705,95|1764,71|0|0|0|0||
|C100|0|1|B00310001|55|00|002|326531|41231002258243000150550020003265311573958977|17102023|18102023|66933,41|2|0|0|66933,41|1|0|0|0|66933,41|8032,01|0|0|0|0|0|0|0|
|C110|000014||
|C170|1|E46965-102|Acion.vid jan ES-EL-OE-RE-AN-LL-X6H__-N|600|PÇ|30419,18|0|0|500|2151|2151/AA|30419,18|12|3650,3|0|0|0|0|05||0|0|0|98|0|0|0|0|0|98|0|0|0|0|0||0|
|C170|2|E46966-102|Acion.vid jan ES-EL-OE-LI-AN-LL-X6H__-N|720|PÇ|36514,23|0|0|500|2151|2151/AA|36514,23|12|4381,71|0|0|0|0|05||0|0|0|98|0|0|0|0|0|98|0|0|0|0|0||0|
|C190|500|2151|12|66933,41|66933,41|8032,01|0|0|0|0||
|C100|0|1|B00310001|55|00|002|326532|41231002258243000150550020003265321391309202|17102023|18102023|30366,14|2|0|0|30366,14|1|0|0|0|30366,14|3643,94|0|0|0|0|0|0|0|
|C110|000014||
|C170|1|E46961-103|Acion.vid jan ES-EL-OE-RE-AN-LL-199__-N|600|PÇ|30366,14|0|0|500|2151|2151/AA|30366,14|12|3643,94|0|0|0|0|05||0|0|0|98|0|0|0|0|0|98|0|0|0|0|0||0|
|C190|500|2151|12|30366,14|30366,14|3643,94|0|0|0|0||
|C100|0|1|B00310001|55|00|002|326533|41231002258243000150550020003265331015178226|17102023|18102023|24258,55|2|0|0|24258,55|1|0|0|0|24258,55|2911,03|0|0|0|0|0|0|0|
|C110|000014||
|C170|1|E46962-103|Acion.vid jan ES-EL-OE-LI-AN-LL-199__-N|480|PÇ|24258,55|0|0|500|2151|2151/AA|24258,55|12|2911,03|0|0|0|0|05||0|0|0|98|0|0|0|0|0|98|0|0|0|0|0||0|
|C190|500|2151|12|24258,55|24258,55|2911,03|0|0|0|0||
|C100|0|1|B00310001|55|00|002|326536|41231002258243000150550020003265361775523323|17102023|18102023|109081,34|2|0|0|109081,34|1|0|0|0|109081,34|5528,26|0|0|0|0|0|0|0|
|C110|000014||
|C170|1|C63442-106|Acion.vid jan ES-EL-OE-LI-AN-LL-341__-N|840|PÇ|50486,01|0|0|300|2151|2151/AA|50486,01|4|2019,44|0|0|0|0|05||0|0|0|98|0|0|0|0|0|98|0|0|0|0|0||0|
|C170|2|C63443-106|Acion.vid jan ES-EL-OE-RE-AN-LL-341__-N|720|PÇ|44032,73|0|0|300|2151|2151/AA|44032,73|4|1761,31|0|0|0|0|05||0|0|0|98|0|0|0|0|0|98|0|0|0|0|0||0|
|C170|3|C63447-106|Acion.vid jan ES-MA-OE-RE-AN-LL-341__-N|520|PÇ|14562,6|0|0|500|2151|2151/AA|14562,6|12|1747,51|0|0|0|0|05||0|0|0|98|0|0|0|0|0|98|0|0|0|0|0||0|
|C190|300|2151|4|94518,74|94518,74|3780,75|0|0|0|0||
|C190|500|2151|12|14562,6|14562,6|1747,51|0|0|0|0||
|C100|0|1|B00310001|55|00|002|326537|41231002258243000150550020003265371971950368|17102023|18102023|30426,83|2|0|0|30426,83|1|0|0|0|30426,83|1217,08|0|0|0|0|0|0|0|
|C110|000014||
|C170|1|E47181-104|Acion.vid jan ES-EL-OE-RE-AN-LL-341__-N|240|PÇ|15284,18|0|0|300|2151|2151/AA|15284,18|4|611,37|0|0|0|0|05||0|0|0|98|0|0|0|0|0|98|0|0|0|0|0||0|
|C170|2|E47182-104|Acion.vid jan ES-EL-OE-LI-AN-LL-341__-N|240|PÇ|15142,65|0|0|300|2151|2151/AA|15142,65|4|605,71|0|0|0|0|05||0|0|0|98|0|0|0|0|0|98|0|0|0|0|0||0|
|C190|300|2151|4|30426,83|30426,83|1217,08|0|0|0|0||
|C100|0|1|V0002000031|55|00|002|326538|41231002258243000150550020003265381208045500|17102023|18102023|34850|2|0|0|34850|0|0|0|0|0|0|0|0|0|0|0|0|0|
|C110|000015||
|C110|000014||
|C170|1|3044J2-000|GLT FOR-KLBE-M-KU-___-1.200-1.000- 975|41|PÇ|34850|0|0|040|2920|2920/AA|0|0|0|0|0|0|0|05||0|0|0|98|0|0|0|0|0|98|0|0|0|0|0||0|
|C190|040|2920|0|34850|0|0|0|0|0|0||
|C100|1|0|C0000001937|55|00|002|213267|31231002258243000400550020002132671861064492|02102023|02102023|16033,96|1|0|0|15529,28|0|0|0|0|15529,36|1397,62|0|0|504,68|256,24|1180,22|15,52|77,66|
|C110|000001||
|C110|000008||
|C110|000002||
|C110|000012||
|C110|000003||
|C110|000009||
|C110|000010||
|C110|000004||
|C110|000011||
|C110|000013||
|C110|000005||
|C190|351|5101|18|10201,2|9880,16|889,2|0|0|0|321,1||
|C190|551|5101|18|5832,76|5649,2|508,42|0|0|0|183,58||
|C100|1|0|C0000001937|55|00|002|213268|31231002258243000400550020002132681393186273|02102023|02102023|15419,2|1|0|0|14933,86|0|0|0|0|14933,92|1344,04|0|0|485,34|246,42|1134,98|14,92|74,7|
|C110|000001||
|C110|000008||
|C110|000002||
|C110|000012||
|C110|000003||
|C110|000009||
|C110|000010||
|C110|000004||
|C110|000011||
|C110|000013||
|C110|000005||
|C190|351|5101|18|10844,3|10503|945,26|0|0|0|341,34||
|C190|551|5101|18|4574,9|4430,92|398,78|0|0|0|144||
|C100|1|0|C0000001937|55|00|002|213269|31231002258243000400550020002132691504001257|02102023|02102023|17372,38|1|0|0|16825,56|0|0|0|0|16825,64|1514,3|0|0|546,82|277,62|1278,74|16,84|84,16|
|C110|000001||
|C110|000008||
|C110|000002||
|C110|000012||
|C110|000003||
|C110|000009||
|C110|000010||
|C110|000004||
|C110|000011||
|C110|000013||
|C110|000005||
|C190|351|5101|18|13240,1|12823,4|1154,12|0|0|0|416,74||
|C190|551|5101|18|4132,28|4002,24|360,18|0|0|0|130,08||
|C100|1|0|C0000001937|55|00|002|213270|31231002258243000400550020002132701344157743|02102023|02102023|12464,8|1|0|0|12072,44|0|0|0|0|12072,52|1086,5|0|0|392,36|199,2|917,52|12,1|60,36|
|C110|000001||
|C110|000006||
|C110|000007||
|C110|000008||
|C110|000002||
|C110|000012||
|C110|000003||
|C110|000009||
|C110|000010||
|C110|000004||
|C110|000011||
|C110|000013||
|C110|000005||
|C190|351|5101|18|8490,66|8223,44|740,1|0|0|0|267,26||
|C190|551|5101|18|3974,14|3849,08|346,4|0|0|0|125,1||
|C100|1|0|C0000001937|55|00|002|213271|31231002258243000400550020002132711975018239|02102023|02102023|9614,74|1|0|0|9312,12|0|0|0|0|9312,2|838,1|0|0|302,62|153,64|707,72|9,32|46,58|
|C110|000001||
|C110|000008||
|C110|000002||
|C110|000012||
|C110|000003||
|C110|000009||
|C110|000010||
|C110|000004||
|C110|000011||
|C110|000013||
|C110|000005||
|C190|351|5101|18|7480,9|7245,48|652,1|0|0|0|235,46||
|C190|551|5101|18|2133,84|2066,72|186|0|0|0|67,16||
|C100|1|0|C0000001937|55|00|002|213272|31231002258243000400550020002132721823291681|02102023|02102023|15945,04|1|0|0|15443,12|0|0|0|0|15443,2|1389,88|0|0|501,92|254,84|1173,66|15,46|77,22|
|C110|000001||
|C110|000006||
|C110|000007||
|C110|000008||
|C110|000002||
|C110|000012||
|C110|000003||
|C110|000009||
|C110|000010||
|C110|000004||
|C110|000011||
|C110|000013||
|C110|000005||
|C190|351|5101|18|8709,92|8435,8|759,22|0|0|0|274,16||
|C190|551|5101|18|7235,12|7007,4|630,66|0|0|0|227,76||
|C100|1|0||55|02|002|213274|31231002258243000400550020002132741082748927|||||||||||||||||||||
|C100|1|0|C0000001937|55|00|002|213275|31231002258243000400550020002132751082748924|02102023|02102023|12406,3|1|0|0|12015,8|0|0|0|0|12015,88|1081,4|0|0|390,5|198,26|913,18|12,02|60,06|
|C110|000001||
|C110|000006||
|C110|000007||
|C110|000008||
|C110|000002||
|C110|000003||
|C110|000009||
|C110|000010||
|C110|000004||
|C110|000011||
|C110|000005||
|C110|000012||
|C110|000013||
|C190|351|5101|18|5731,2|5550,84|499,56|0|0|0|180,4||
|C190|551|5101|18|6675,1|6465,04|581,84|0|0|0|210,1||
|C100|1|0|C0000001937|55|00|002|213276|31231002258243000400550020002132761245857627|02102023|02102023|146,23|2|0|0|146,23|9|0|0|0|146,23|26,32|0|0|0|0|0|0|0|
|C110|000020||
|C113|0|1|C0000001937|55|35||71782|30082023|31230816701716000156550350000717821051572872|
|C110|000021||
|C110|000010||
|C190|500|5949|18|146,23|146,23|26,32|0|0|0|0||
|C100|1|0|C0000001937|55|00|002|213277|31231002258243000400550020002132771780920700|02102023|02102023|13047,18|1|0|0|12636,5|0|0|0|0|12636,56|1137,3|0|0|410,68|208,5|960,4|12,66|63,18|
|C110|000001||
|C110|000006||
|C110|000007||
|C110|000008||
|C110|000002||
|C110|000003||
|C110|000009||
|C110|000010||
|C110|000004||
|C110|000011||
|C110|000005||
|C110|000012||
|C110|000013||
|C190|351|5101|18|8626,38|8354,88|751,94|0|0|0|271,52||
|C190|551|5101|18|4420,8|4281,68|385,36|0|0|0|139,16||
|C100|1|0|C0000001937|55|00|002|213278|31231002258243000400550020002132781218018673|02102023|02102023|9115,12|1|0|0|8828,22|0|0|0|0|8828,32|794,56|0|0|286,9|145,68|670,96|8,82|44,14|
|C110|000001||
|C110|000008||
|C110|000002||
|C110|000003||
|C110|000009||
|C110|000010||
|C110|000004||
|C110|000011||
|C110|000005||
|C110|000012||
|C110|000006||
|C110|000007||
|C110|000013||
|C190|351|5101|18|7265,82|7037,16|633,36|0|0|0|228,7||
|C190|551|5101|18|1849,3|1791,16|161,2|0|0|0|58,2||
|C100|1|0|C0000001937|55|00|002|213279|31231002258243000400550020002132791920274010|02102023|02102023|12930,82|1|0|0|12523,8|0|0|0|0|12523,88|1127,14|0|0|407,02|206,66|951,82|12,52|62,6|
|C110|000001||
|C110|000008||
|C110|000002||
|C110|000003||
|C110|000009||
|C110|000010||
|C110|000004||
|C110|000011||
|C110|000005||
|C110|000012||
|C110|000006||
|C110|000007||
|C110|000013||
|C190|351|5101|18|11338,6|10981,76|988,36|0|0|0|356,9||
|C190|551|5101|18|1592,22|1542,12|138,78|0|0|0|50,12||
|C100|1|0|C0000001937|55|00|002|213280|31231002258243000400550020002132801491575732|02102023|02102023|14055,54|1|0|0|13613,1|0|0|0|0|13613,16|1225,18|0|0|442,44|224,6|1034,58|13,62|68,04|
|C110|000001||
|C110|000008||
|C110|000002||
|C110|000003||
|C110|000009||
|C110|000010||
|C110|000004||
|C110|000011||
|C110|000005||
|C110|000012||
|C110|000013||
|C110|000006||
|C110|000007||
|C190|351|5101|18|9042,98|8758,36|788,24|0|0|0|284,64||
|C190|551|5101|18|5012,56|4854,8|436,94|0|0|0|157,8||
|C100|1|0|C0000001937|55|00|002|213281|31231002258243000400550020002132811475113638|02102023|02102023|10079,5|1|0|0|9762,22|0|0|0|0|9762,28|878,6|0|0|317,28|161,06|741,94|9,76|48,82|
|C110|000001||
|C110|000008||
|C110|000002||
|C110|000003||
|C110|000009||
|C110|000010||
|C110|000004||
|C110|000011||
|C110|000005||
|C110|000012||
|C110|000013||
|C110|000006||
|C110|000007||
|C190|351|5101|18|6161,72|5967,8|537,1|0|0|0|193,96||
|C190|551|5101|18|3917,78|3794,48|341,5|0|0|0|123,32||
|C100|1|0|C0000001937|55|00|002|213282|31231002258243000400550020002132821294294620|02102023|02102023|8532,1|1|0|0|8263,54|0|0|0|0|8263,56|743,74|0|0|268,56|136,32|628,04|8,28|41,32|
|C110|000001||
|C110|000008||
|C110|000002||
|C110|000003||
|C110|000009||
|C110|000010||
|C110|000004||
|C110|000011||
|C110|000005||
|C110|000012||
|C110|000013||
|C190|351|5101|18|5587,7|5411,84|487,08|0|0|0|175,88||
|C190|551|5101|18|2944,4|2851,72|256,66|0|0|0|92,68||
|C100|1|0|C0000001937|55|00|002|213283|31231002258243000400550020002132831598126902|02102023|02102023|8105,02|1|0|0|7849,9|0|0|0|0|7849,92|706,5|0|0|255,12|129,52|596,62|7,86|39,28|
|C110|000001||
|C110|000008||
|C110|000002||
|C110|000003||
|C110|000009||
|C110|000010||
|C110|000004||
|C110|000011||
|C110|000005||
|C110|000012||
|C110|000013||
|C110|000006||
|C110|000007||
|C190|351|5101|18|5659,6|5481,48|493,34|0|0|0|178,14||
|C190|551|5101|18|2445,42|2368,44|213,16|0|0|0|76,98||
|C100|1|0|C0000001937|55|00|002|213284|31231002258243000400550020002132841654139099|02102023|02102023|6082,64|1|0|0|5891,16|0|0|0|0|5891,24|530,2|0|0|191,48|97,22|447,72|5,9|29,44|
|C110|000001||
|C110|000008||
|C110|000002||
|C110|000003||
|C110|000009||
|C110|000010||
|C110|000004||
|C110|000011||
|C110|000005||
|C110|000012||
|C110|000013||
|C110|000006||
|C110|000007||
|C190|351|5101|18|3646,22|3531,48|317,82|0|0|0|114,78||
|C190|551|5101|18|2436,42|2359,76|212,38|0|0|0|76,7||
|C100|1|0|C0000001937|55|00|002|213285|31231002258243000400550020002132851768140123|02102023|02102023|4475,66|1|0|0|4334,8|0|0|0|0|4334,88|390,14|0|0|140,86|71,52|329,44|4,34|21,68|
|C110|000001||
|C110|000008||
|C110|000003||
|C110|000009||
|C110|000010||
|C110|000011||
|C110|000005||
|C110|000012||
|C110|000013||
|C190|351|5101|18|734,42|711,32|64,02|0|0|0|23,12||
|C190|551|5101|18|3741,24|3623,56|326,12|0|0|0|117,74||
|C100|1|0|C0000001937|55|00|002|213286|31231002258243000400550020002132861885378158|02102023|02102023|8255,8|1|0|0|7995,94|0|0|0|0|7995,96|719,66|0|0|259,86|131,92|607,68|8|39,98|
|C110|000001||
|C110|000008||
|C110|000002||
|C110|000003||
|C110|000009||
|C110|000004||
|C110|000005||
|C190|351|5101|18|8255,8|7995,96|719,66|0|0|0|259,86||
|C100|1|0|C0000001937|55|00|002|213288|31231002258243000400550020002132881593155650|02102023|02102023|14595,24|1|0|0|14135,84|0|0|0|0|14135,92|1272,24|0|0|459,4|233,24|1074,34|14,14|70,66|
|C110|000001||
|C110|000008||
|C110|000003||
|C110|000009||
|C110|000005||
|C110|000002||
|C110|000010||
|C110|000004||
|C110|000011||
|C110|000013||
|C110|000012||
|C110|000006||
|C110|000007||
|C190|351|5101|18|6358,48|6158,36|554,26|0|0|0|200,14||
|C190|551|5101|18|8236,76|7977,56|717,98|0|0|0|259,26||
|C100|1|0||55|02|002|213287|31231002258243000400550020002132871935275362|||||||||||||||||||||
|C100|1|0|C0000001937|55|00|002|213289|31231002258243000400550020002132891435053934|02102023|02102023|8323,42|1|0|0|8061,42|0|0|0|0|8061,44|725,54|0|0|262|133|612,68|8,08|40,3|
|C110|000001||
|C110|000008||
|C110|000003||
|C110|000009||
|C110|000005||
|C110|000012||
|C110|000010||
|C110|000011||
|C110|000013||
|C190|351|5101|18|734,42|711,32|64,02|0|0|0|23,12||
|C190|551|5101|18|7589|7350,12|661,52|0|0|0|238,88||
|C100|1|0|C0000001937|55|00|002|213290|31231002258243000400550020002132901677250406|02102023|02102023|7076,78|1|0|0|6854,04|0|0|0|0|6854,12|616,88|0|0|222,74|113,08|520,9|6,86|34,24|
|C110|000001||
|C110|000008||
|C110|000003||
|C110|000009||
|C110|000005||
|C110|000002||
|C110|000004||
|C110|000006||
|C110|000007||
|C190|351|5101|18|7076,78|6854,12|616,88|0|0|0|222,74||
|C100|1|0|C0000001937|55|00|002|213291|31231002258243000400550020002132911121963260|02102023|02102023|4274,6|1|0|0|4140,04|0|0|0|0|4140,12|372,62|0|0|134,56|68,3|314,64|4,16|20,72|
|C110|000001||
|C110|000008||
|C110|000003||
|C110|000009||
|C110|000005||
|C110|000012||
|C110|000010||
|C110|000011||
|C110|000013||
|C190|351|5101|18|734,42|711,32|64,02|0|0|0|23,12||
|C190|551|5101|18|3540,18|3428,8|308,6|0|0|0|111,44||
|C100|1|0|C0000001937|55|00|002|213292|31231002258243000400550020002132921455011442|02102023|02102023|12630,66|1|0|0|12233,08|0|0|0|0|12233,12|1100,96|0|0|397,58|201,86|929,72|12,22|61,18|
|C110|000001||
|C110|000008||
|C110|000003||
|C110|000009||
|C110|000005||
|C110|000002||
|C110|000012||
|C110|000010||
|C110|000004||
|C110|000011||
|C110|000013||
|C110|000006||
|C110|000007||
|C190|351|5101|18|9607,52|9305,12|837,44|0|0|0|302,42||
|C190|551|5101|18|3023,14|2928|263,52|0|0|0|95,16||
|C100|1|0|C0000001937|55|00|002|213293|31231002258243000400550020002132931561957726|02102023|02102023|19547,88|1|0|0|18932,58|0|0|0|0|18932,64|1703,92|0|0|615,3|312,38|1438,9|18,94|94,64|
|C110|000001||
|C110|000008||
|C110|000009||
|C110|000002||
|C110|000012||
|C110|000003||
|C110|000010||
|C110|000004||
|C110|000011||
|C110|000013||
|C110|000005||
|C110|000006||
|C110|000007||
|C190|351|5101|18|13696,14|13265,08|1193,84|0|0|0|431,1||
|C190|551|5101|18|5851,74|5667,56|510,08|0|0|0|184,2||
|C100|1|0|C0000001937|55|00|002|213294|31231002258243000400550020002132941676585098|02102023|02102023|14755,24|1|0|0|14290,8|0|0|0|0|14290,88|1286,2|0|0|464,44|235,8|1086,08|14,3|71,46|
|C110|000001||
|C110|000008||
|C110|000009||
|C110|000002||
|C110|000003||
|C110|000010||
|C110|000004||
|C110|000011||
|C110|000005||
|C110|000006||
|C110|000007||
|C190|351|5101|18|9042,96|8758,36|788,26|0|0|0|284,64||
|C190|551|5101|18|5712,28|5532,52|497,94|0|0|0|179,8||
|C100|1|0|C0000001937|55|00|002|213295|31231002258243000400550020002132951738645070|02102023|02102023|17296,92|1|0|0|16752,46|0|0|0|0|16752,52|1507,7|0|0|544,46|276,42|1273,18|16,74|83,76|
|C110|000001||
|C110|000008||
|C110|000009||
|C110|000002||
|C110|000012||
|C110|000003||
|C110|000010||
|C110|000004||
|C110|000011||
|C110|000013||
|C110|000005||
|C110|000006||
|C110|000007||
|C190|351|5101|18|10448,78|10119,92|910,78|0|0|0|328,9||
|C190|551|5101|18|6848,14|6632,6|596,92|0|0|0|215,56||
|C100|1|0|C0000001937|55|00|002|213296|31231002258243000400550020002132961964709943|02102023|02102023|16939,62|1|0|0|16406,42|0|0|0|0|16406,48|1476,56|0|0|533,2|270,7|1246,92|16,4|82,04|
|C110|000001||
|C110|000008||
|C110|000009||
|C110|000002||
|C110|000003||
|C110|000010||
|C110|000004||
|C110|000011||
|C110|000005||
|C110|000012||
|C110|000006||
|C110|000007||
|C110|000013||
|C190|351|5101|18|9667,2|9362,96|842,66|0|0|0|304,28||
|C190|551|5101|18|7272,42|7043,52|633,9|0|0|0|228,92||
|C100|1|0|C0000001937|55|00|002|213297|31231002258243000400550020002132971498786620|03102023|03102023|13817|1|0|0|13382,08|0|0|0|0|13382,2|1204,4|0|0|434,92|220,8|1017,02|13,38|66,9|
|C110|000001||
|C110|000008||
|C110|000009||
|C110|000002||
|C110|000003||
|C110|000010||
|C110|000004||
|C110|000011||
|C110|000005||
|C110|000012||
|C110|000006||
|C110|000007||
|C110|000013||
|C190|351|5101|18|8016,6|7764,32|698,78|0|0|0|252,34||
|C190|551|5101|18|5800,4|5617,88|505,62|0|0|0|182,58||
|C100|1|0|C0000001937|55|00|002|213298|31231002258243000400550020002132981668286892|03102023|03102023|17822,7|1|0|0|17261,7|0|0|0|0|17261,76|1553,54|0|0|561|284,82|1311,9|17,28|86,3|
|C110|000001||
|C110|000008||
|C110|000009||
|C110|000002||
|C110|000003||
|C110|000010||
|C110|000004||
|C110|000011||
|C110|000005||
|C110|000012||
|C110|000006||
|C110|000007||
|C110|000013||
|C190|351|5101|18|12083,02|11702,72|1053,22|0|0|0|380,34||
|C190|551|5101|18|5739,68|5559,04|500,32|0|0|0|180,66||
|C100|1|0|C0000001937|55|00|002|213299|31231002258243000400550020002132991852884591|03102023|03102023|17110,3|1|0|0|16571,72|0|0|0|0|16571,76|1491,44|0|0|538,58|273,44|1259,46|16,56|82,88|
|C110|000001||
|C110|000008||
|C110|000009||
|C110|000002||
|C110|000003||
|C110|000010||
|C110|000004||
|C110|000011||
|C110|000005||
|C110|000012||
|C110|000006||
|C110|000007||
|C110|000013||
|C190|351|5101|18|14310,66|13860,24|1247,42|0|0|0|450,46||
|C190|551|5101|18|2799,64|2711,52|244,02|0|0|0|88,12||
|C100|1|0|C0000001937|55|00|002|213300|31231002258243000400550020002133001256611117|03102023|03102023|17472,26|1|0|0|16922,3|0|0|0|0|16922,36|1523,02|0|0|549,96|279,22|1286,08|16,92|84,6|
|C110|000001||
|C110|000008||
|C110|000009||
|C110|000002||
|C110|000003||
|C110|000010||
|C110|000004||
|C110|000011||
|C110|000005||
|C110|000012||
|C110|000006||
|C110|000007||
|C110|000013||
|C190|351|5101|18|13442,46|13019,36|1171,74|0|0|0|423,12||
|C190|551|5101|18|4029,8|3903|351,28|0|0|0|126,84||
|C100|1|0|C0000001937|55|00|002|213555|31231002258243000400550020002135551710028662|18102023|18102023|14541,06|1|0|0|14083,36|0|0|0|0|14083,4|1267,5|0|0|457,7|232,36|1070,34|14,12|70,42|
|C110|000001||
|C110|000008||
|C110|000009||
|C110|000010||
|C110|000011||
|C110|000002||
|C110|000012||
|C110|000003||
|C110|000004||
|C110|000013||
|C110|000005||
|C190|351|5101|18|10615,72|10281,6|925,34|0|0|0|334,14||
|C190|551|5101|18|3925,34|3801,8|342,16|0|0|0|123,56||
|C100|1|0|C0000001937|55|00|002|213301|31231002258243000400550020002133011277928958|03102023|03102023|17332,12|1|0|0|16786,56|0|0|0|0|16786,64|1510,76|0|0|545,56|277|1275,78|16,8|83,92|
|C110|000001||
|C110|000008||
|C110|000002||
|C110|000003||
|C110|000009||
|C110|000010||
|C110|000004||
|C110|000011||
|C110|000005||
|C110|000012||
|C110|000006||
|C110|000007||
|C110|000013||
|C190|351|5101|18|15356,74|14873,4|1338,58|0|0|0|483,38||
|C190|551|5101|18|1975,38|1913,24|172,18|0|0|0|62,18||
|C100|1|0|C0000001937|55|00|002|213302|31231002258243000400550020002133021035566164|03102023|03102023|16804,66|1|0|0|16275,72|0|0|0|0|16275,8|1464,82|0|0|528,94|268,58|1236,96|16,26|81,36|
|C110|000001||
|C110|000008||
|C110|000002||
|C110|000003||
|C110|000009||
|C110|000010||
|C110|000004||
|C110|000011||
|C110|000005||
|C110|000012||
|C110|000013||
|C190|351|5101|18|11894,24|11519,88|1036,8|0|0|0|374,38||
|C190|551|5101|18|4910,42|4755,92|428,02|0|0|0|154,56||
|C100|0|1|B00310001|55|00|002|326063|41231002258243000150550020003260631689413094|02102023|03102023|43017,3|2|0|0|43017,3|1|0|0|0|43017,3|1720,69|0|0|0|0|0|0|0|
|C110|000014||
|C170|1|E47182-104|Acion.vid jan ES-EL-OE-LI-AN-LL-341__-N|720|PÇ|43017,3|0|0|300|2151|2151/AA|43017,3|4|1720,69|0|0|0|0|05||0|0|0|98|0|0|0|0|0|98|0|0|0|0|0||0|
|C190|300|2151|4|43017,3|43017,3|1720,69|0|0|0|0||
|C100|0|1|B00310001|55|00|002|326064|41231002258243000150550020003260641426268368|02102023|03102023|18339,26|2|0|0|18339,26|1|0|0|0|18339,26|2200,71|0|0|0|0|0|0|0|
|C110|000014||
|C170|1|E46962-103|Acion.vid jan ES-EL-OE-LI-AN-LL-199__-N|360|PÇ|18339,26|0|0|500|2151|2151/AA|18339,26|12|2200,71|0|0|0|0|05||0|0|0|98|0|0|0|0|0|98|0|0|0|0|0||0|
|C190|500|2151|12|18339,26|18339,26|2200,71|0|0|0|0||
|C100|0|1|B00310001|55|00|002|326065|41231002258243000150550020003260651194324822|02102023|03102023|36419,56|2|0|0|36419,56|1|0|0|0|36419,56|4370,35|0|0|0|0|0|0|0|
|C110|000014||
|C170|1|E46965-102|Acion.vid jan ES-EL-OE-RE-AN-LL-X6H__-N|120|PÇ|6068,26|0|0|500|2151|2151/AA|6068,26|12|728,19|0|0|0|0|05||0|0|0|98|0|0|0|0|0|98|0|0|0|0|0||0|
|C170|2|E46966-102|Acion.vid jan ES-EL-OE-LI-AN-LL-X6H__-N|240|PÇ|12144,55|0|0|500|2151|2151/AA|12144,55|12|1457,35|0|0|0|0|05||0|0|0|98|0|0|0|0|0|98|0|0|0|0|0||0|
|C170|3|E46961-103|Acion.vid jan ES-EL-OE-RE-AN-LL-199__-N|360|PÇ|18206,75|0|0|500|2151|2151/AA|18206,75|12|2184,81|0|0|0|0|05||0|0|0|98|0|0|0|0|0|98|0|0|0|0|0||0|
|C190|500|2151|12|36419,56|36419,56|4370,35|0|0|0|0||
|C100|0|1|B00310001|55|00|002|326070|41231002258243000150550020003260701530088165|02102023|03102023|35890,63|2|0|0|35890,63|1|0|0|0|35890,63|1435,63|0|0|0|0|0|0|0|
|C110|000014||
|C170|1|E47181-104|Acion.vid jan ES-EL-OE-RE-AN-LL-341__-N|600|PÇ|35890,63|0|0|300|2151|2151/AA|35890,63|4|1435,63|0|0|0|0|05||0|0|0|98|0|0|0|0|0|98|0|0|0|0|0||0|
|C190|300|2151|4|35890,63|35890,63|1435,63|0|0|0|0||
|C100|0|1|B00310001|55|00|002|326071|41231002258243000150550020003260711491393133|02102023|03102023|152460,02|2|0|0|152460,02|1|0|0|0|152460,02|7253,94|0|0|0|0|0|0|0|
|C110|000014||
|C170|1|C63442-106|Acion.vid jan ES-EL-OE-LI-AN-LL-341__-N|1200|PÇ|68990|0|0|300|2151|2151/AA|68990|4|2759,6|0|0|0|0|05||0|0|0|98|0|0|0|0|0|98|0|0|0|0|0||0|
|C170|2|C63443-106|Acion.vid jan ES-EL-OE-RE-AN-LL-341__-N|1200|PÇ|69025,75|0|0|300|2151|2151/AA|69025,75|4|2761,03|0|0|0|0|05||0|0|0|98|0|0|0|0|0|98|0|0|0|0|0||0|
|C170|3|C63446-106|Acion.vid jan ES-MA-OE-LI-AN-LL-341__-N|260|PÇ|7255,86|0|0|500|2151|2151/AA|7255,86|12|870,7|0|0|0|0|05||0|0|0|98|0|0|0|0|0|98|0|0|0|0|0||0|
|C170|4|C63447-106|Acion.vid jan ES-MA-OE-RE-AN-LL-341__-N|260|PÇ|7188,41|0|0|500|2151|2151/AA|7188,41|12|862,61|0|0|0|0|05||0|0|0|98|0|0|0|0|0|98|0|0|0|0|0||0|
|C190|300|2151|4|138015,75|138015,75|5520,63|0|0|0|0||
|C190|500|2151|12|14444,27|14444,27|1733,31|0|0|0|0||
|C100|0|1|B00310001|55|00|002|326072|41231002258243000150550020003260721624418996|02102023|03102023|3168,66|2|0|0|3168,66|1|0|0|0|3168,66|380,24|0|0|0|0|0|0|0|
|C110|000014||
|C170|1|E46970-102|Acion.vid jan ES-MA-NA-LI-OA-LL-199__-N|130|PÇ|3168,66|0|0|500|2151|2151/AA|3168,66|12|380,24|0|0|0|0|05||0|0|0|98|0|0|0|0|0|98|0|0|0|0|0||0|
|C190|500|2151|12|3168,66|3168,66|380,24|0|0|0|0||
|C100|0|1|B00310001|55|00|002|326073|41231002258243000150550020003260731996944727|02102023|03102023|1214,4|2|0|0|1214,4|1|0|0|0|1214,4|145,73|0|0|0|0|0|0|0|
|C110|000014||
|C170|1|E46969-102|Acion.vid jan ES-MA-NA-RE-OA-LL-199__-N|50|PÇ|1214,4|0|0|500|2151|2151/AA|1214,4|12|145,73|0|0|0|0|05||0|0|0|98|0|0|0|0|0|98|0|0|0|0|0||0|
|C190|500|2151|12|1214,4|1214,4|145,73|0|0|0|0||
|C100|0|1|V0002000031|55|00|002|326074|41231002258243000150550020003260741166463626|02102023|03102023|37400|2|0|0|37400|0|0|0|0|0|0|0|0|0|0|0|0|0|
|C110|000015||
|C110|000014||
|C170|1|3044J2-000|GLT FOR-KLBE-M-KU-___-1.200-1.000- 975|44|PÇ|37400|0|0|040|2920|2920/AA|0|0|0|0|0|0|0|05||0|0|0|98|0|0|0|0|0|98|0|0|0|0|0||0|
|C190|040|2920|0|37400|0|0|0|0|0|0||
|C100|1|0|C0000001937|55|00|002|213303|31231002258243000400550020002133031782797010|03102023|03102023|17790,36|1|0|0|17230,42|0|0|0|0|17230,52|1550,76|0|0|559,94|284,32|1309,5|17,22|86,16|
|C110|000001||
|C110|000008||
|C110|000002||
|C110|000003||
|C110|000009||
|C110|000010||
|C110|000004||
|C110|000011||
|C110|000005||
|C110|000012||
|C110|000013||
|C190|351|5101|18|11552,04|11188,48|1006,98|0|0|0|363,6||
|C190|551|5101|18|6238,32|6042,04|543,78|0|0|0|196,34||
|C100|1|0|C0000001937|55|00|002|213304|31231002258243000400550020002133041343501963|03102023|03102023|25401,34|1|0|0|24601,8|0|0|0|0|24601,88|2214,18|0|0|799,54|405,94|1869,74|24,64|123,02|
|C110|000001||
|C110|000008||
|C110|000002||
|C110|000003||
|C110|000009||
|C110|000010||
|C110|000004||
|C110|000011||
|C110|000005||
|C110|000012||
|C110|000006||
|C110|000007||
|C110|000013||
|C190|351|5101|18|14970,38|14499,2|1304,94|0|0|0|471,2||
|C190|551|5101|18|10430,96|10102,68|909,24|0|0|0|328,34||
|C100|1|0|C0000001937|55|00|002|213556|31231002258243000400550020002135561339515545|18102023|18102023|15078,28|1|0|0|14603,7|0|0|0|0|14603,8|1314,34|0|0|474,58|240,94|1109,9|14,58|73|
|C110|000001||
|C110|000008||
|C110|000009||
|C110|000010||
|C110|000011||
|C110|000002||
|C110|000012||
|C110|000003||
|C110|000004||
|C110|000013||
|C110|000005||
|C110|000006||
|C110|000007||
|C190|351|5101|18|11115,5|10765,68|968,92|0|0|0|349,86||
|C190|551|5101|18|3962,78|3838,12|345,42|0|0|0|124,72||
|C100|1|0|C0000001937|55|00|002|213423|31231002258243000400550020002134231030117782|09102023|09102023|13514,56|1|0|0|13089,18|0|0|0|0|13089,24|1178,04|0|0|425,38|215,98|994,78|13,12|65,44|
|C110|000001||
|C110|000008||
|C110|000003||
|C110|000009||
|C110|000010||
|C110|000011||
|C110|000005||
|C110|000002||
|C110|000004||
|C110|000012||
|C110|000006||
|C110|000007||
|C110|000013||
|C190|351|5101|18|8483,44|8216,48|739,48|0|0|0|267,02||
|C190|551|5101|18|5031,12|4872,76|438,56|0|0|0|158,36||
|C100|1|0|C0000001937|55|00|002|213424|31231002258243000400550020002134241216853850|09102023|09102023|22528,38|1|0|0|21819,26|0|0|0|0|21819,32|1963,72|0|0|709,12|360,02|1658,26|21,84|109,1|
|C110|000001||
|C110|000008||
|C110|000009||
|C110|000010||
|C110|000011||
|C110|000002||
|C110|000003||
|C110|000004||
|C110|000005||
|C110|000012||
|C110|000006||
|C110|000007||
|C110|000013||
|C190|351|5101|18|11642,28|11275,84|1014,82|0|0|0|366,46||
|C190|551|5101|18|10886,1|10543,48|948,9|0|0|0|342,66||
|C100|1|0|C0000001937|55|00|002|213425|31231002258243000400550020002134251786807269|09102023|09102023|16071|1|0|0|15565,14|0|0|0|0|15565,2|1400,88|0|0|505,86|256,82|1182,94|15,56|77,82|
|C110|000001||
|C110|000008||
|C110|000009||
|C110|000010||
|C110|000011||
|C110|000002||
|C110|000003||
|C110|000004||
|C110|000005||
|C110|000012||
|C110|000006||
|C110|000007||
|C110|000013||
|C190|351|5101|18|12232,62|11847,6|1066,28|0|0|0|385,04||
|C190|551|5101|18|3838,38|3717,6|334,6|0|0|0|120,82||
|C100|1|0|C0000001937|55|00|002|213426|31231002258243000400550020002134261729266537|09102023|09102023|14698,7|1|0|0|14236,06|0|0|0|0|14236,16|1281,22|0|0|462,64|234,92|1081,94|14,26|71,18|
|C110|000001||
|C110|000010||
|C110|000011||
|C110|000008||
|C110|000002||
|C110|000003||
|C110|000009||
|C110|000004||
|C110|000005||
|C110|000012||
|C110|000006||
|C110|000007||
|C110|000013||
|C190|351|5101|18|9802,34|9493,84|854,42|0|0|0|308,54||
|C190|551|5101|18|4896,36|4742,32|426,8|0|0|0|154,1||
|C100|1|0|C0000001937|55|00|002|213427|31231002258243000400550020002134271316130127|09102023|09102023|13159,68|1|0|0|12745,46|0|0|0|0|12745,52|1147,1|0|0|414,22|210,32|968,64|12,74|63,72|
|C110|000001||
|C110|000010||
|C110|000011||
|C110|000008||
|C110|000002||
|C110|000003||
|C110|000009||
|C110|000004||
|C110|000005||
|C110|000012||
|C110|000006||
|C110|000007||
|C110|000013||
|C190|351|5101|18|10010,5|9695,4|872,6|0|0|0|315,1||
|C190|551|5101|18|3149,18|3050,12|274,5|0|0|0|99,12||
|C100|1|0|C0000001937|55|00|002|213428|31231002258243000400550020002134281319076481|09102023|09102023|13947,98|1|0|0|13508,96|0|0|0|0|13509|1215,82|0|0|439,02|222,88|1026,68|13,5|67,56|
|C110|000001||
|C110|000010||
|C110|000011||
|C110|000008||
|C110|000002||
|C110|000003||
|C110|000009||
|C110|000004||
|C110|000005||
|C110|000006||
|C110|000007||
|C190|351|5101|18|9717,42|9411,6|847,04|0|0|0|305,86||
|C190|551|5101|18|4230,56|4097,4|368,78|0|0|0|133,16||
|C100|1|0|C0000001937|55|00|002|213429|31231002258243000400550020002134291456428557|09102023|09102023|13268,92|1|0|0|12851,26|0|0|0|0|12851,36|1156,62|0|0|417,66|212,06|976,7|12,84|64,24|
|C110|000001||
|C110|000010||
|C110|000011||
|C110|000008||
|C110|000002||
|C110|000003||
|C110|000009||
|C110|000004||
|C110|000005||
|C110|000012||
|C110|000006||
|C110|000007||
|C110|000013||
|C190|351|5101|18|8814,84|8537,44|768,36|0|0|0|277,46||
|C190|551|5101|18|4454,08|4313,92|388,26|0|0|0|140,2||
|C100|1|0|C0000001937|55|00|002|213430|31231002258243000400550020002134301603756635|09102023|09102023|14733,88|1|0|0|14270,12|0|0|0|0|14270,2|1284,3|0|0|463,76|235,46|1084,54|14,28|71,36|
|C110|000001||
|C110|000008||
|C110|000002||
|C110|000003||
|C110|000009||
|C110|000010||
|C110|000004||
|C110|000011||
|C110|000005||
|C110|000006||
|C110|000007||
|C190|351|5101|18|9208,12|8918,32|802,64|0|0|0|289,84||
|C190|551|5101|18|5525,76|5351,88|481,66|0|0|0|173,92||
|C100|1|0|C0000001937|55|00|002|213431|31231002258243000400550020002134311584194271|09102023|09102023|14335,54|1|0|0|13884,32|0|0|0|0|13884,4|1249,6|0|0|451,22|229,08|1055,22|13,9|69,42|
|C110|000001||
|C110|000008||
|C110|000002||
|C110|000003||
|C110|000009||
|C110|000010||
|C110|000004||
|C110|000011||
|C110|000005||
|C110|000006||
|C110|000007||
|C190|351|5101|18|9988,6|9674,28|870,68|0|0|0|314,4||
|C190|551|5101|18|4346,94|4210,12|378,92|0|0|0|136,82||
|C100|1|0|C0000001937|55|00|002|213432|31231002258243000400550020002134321673172610|09102023|09102023|7229,76|1|0|0|7002,2|0|0|0|0|7002,2|630,2|0|0|227,56|115,54|532,16|7|35,02|
|C110|000001||
|C110|000002||
|C110|000003||
|C110|000004||
|C110|000005||
|C110|000006||
|C110|000007||
|C190|351|5101|18|7229,76|7002,2|630,2|0|0|0|227,56||
|C100|1|0|C0000001937|55|00|002|213433|31231002258243000400550020002134331061613117|09102023|09102023|10839|1|0|0|10497,82|0|0|0|0|10497,92|944,78|0|0|341,18|173,2|797,84|10,48|52,5|
|C110|000001||
|C110|000008||
|C110|000002||
|C110|000003||
|C110|000009||
|C110|000010||
|C110|000004||
|C110|000011||
|C110|000005||
|C110|000012||
|C110|000013||
|C110|000006||
|C110|000007||
|C190|351|5101|18|7071|6848,48|616,34|0|0|0|222,58||
|C190|551|5101|18|3768|3649,44|328,44|0|0|0|118,6||
|C100|1|0|C0000001937|55|00|002|213434|31231002258243000400550020002134341673441551|09102023|09102023|14471,38|1|0|0|14015,88|0|0|0|0|14015,96|1261,44|0|0|455,5|231,22|1065,2|14,02|70,1|
|C110|000001||
|C110|000008||
|C110|000002||
|C110|000003||
|C110|000009||
|C110|000010||
|C110|000004||
|C110|000011||
|C110|000005||
|C110|000012||
|C110|000013||
|C110|000006||
|C110|000007||
|C190|351|5101|18|12324,5|11936,64|1074,3|0|0|0|387,92||
|C190|551|5101|18|2146,88|2079,32|187,14|0|0|0|67,58||
|C100|1|0|C0000001937|55|00|002|213435|31231002258243000400550020002134351885794366|09102023|09102023|11927,02|1|0|0|11551,6|0|0|0|0|11551,68|1039,66|0|0|375,42|190,6|877,9|11,56|57,74|
|C110|000001||
|C110|000008||
|C110|000002||
|C110|000003||
|C110|000009||
|C110|000010||
|C110|000004||
|C110|000011||
|C110|000005||
|C110|000012||
|C110|000006||
|C110|000007||
|C110|000013||
|C190|351|5101|18|8983,28|8700,56|783,04|0|0|0|282,76||
|C190|551|5101|18|2943,74|2851,12|256,62|0|0|0|92,66||
|C100|1|0|C0000001937|55|00|002|213436|31231002258243000400550020002134361053278705|09102023|09102023|12302,14|1|0|0|11914,9|0|0|0|0|11914,96|1072,34|0|0|387,24|196,58|905,52|11,9|59,6|
|C110|000001||
|C110|000008||
|C110|000002||
|C110|000003||
|C110|000009||
|C110|000010||
|C110|000004||
|C110|000011||
|C110|000005||
|C110|000012||
|C110|000006||
|C110|000007||
|C110|000013||
|C190|351|5101|18|8622,22|8350,84|751,56|0|0|0|271,4||
|C190|551|5101|18|3679,92|3564,12|320,78|0|0|0|115,84||
|C100|1|0|C0000001937|55|00|002|213437|31231002258243000400550020002134371239596470|10102023|10102023|8715,26|1|0|0|8440,94|0|0|0|0|8441|759,7|0|0|274,32|139,24|641,5|8,44|42,2|
|C110|000001||
|C110|000008||
|C110|000002||
|C110|000003||
|C110|000009||
|C110|000010||
|C110|000004||
|C110|000011||
|C110|000005||
|C110|000012||
|C110|000013||
|C190|351|5101|18|5798,92|5616,44|505,48|0|0|0|182,52||
|C190|551|5101|18|2916,34|2824,56|254,22|0|0|0|91,8||
|C100|1|0|C0000001937|55|00|002|213438|31231002258243000400550020002134381306586660|10102023|10102023|7273,56|1|0|0|7044,62|0|0|0|0|7044,64|634,02|0|0|228,94|116,22|535,38|7,06|35,22|
|C110|000001||
|C110|000002||
|C110|000003||
|C110|000004||
|C110|000005||
|C190|351|5101|18|7273,56|7044,64|634,02|0|0|0|228,94||
|C100|1|0|C0000001937|55|00|002|213439|31231002258243000400550020002134391523468230|10102023|10102023|14271,64|1|0|0|13822,42|0|0|0|0|13822,48|1244,02|0|0|449,22|228,08|1050,5|13,82|69,12|
|C110|000001||
|C110|000002||
|C110|000003||
|C110|000010||
|C110|000004||
|C110|000011||
|C110|000005||
|C110|000012||
|C110|000013||
|C190|351|5101|18|7609,68|7370,2|663,32|0|0|0|239,52||
|C190|551|5101|18|6661,96|6452,28|580,7|0|0|0|209,7||
|C100|1|0|C0000001937|55|00|002|213440|31231002258243000400550020002134401986048821|10102023|10102023|10692,02|1|0|0|10355,48|0|0|0|0|10355,52|932|0|0|336,54|170,86|787,04|10,36|51,78|
|C110|000001||
|C110|000002||
|C110|000003||
|C110|000010||
|C110|000004||
|C110|000011||
|C110|000005||
|C110|000012||
|C110|000013||
|C190|351|5101|18|6107,56|5915,32|532,38|0|0|0|192,24||
|C190|551|5101|18|4584,46|4440,2|399,62|0|0|0|144,3||
|C100|1|0|C0000001937|55|00|002|213441|31231002258243000400550020002134411337945609|10102023|10102023|6992,5|1|0|0|6772,4|0|0|0|0|6772,4|609,52|0|0|220,1|111,74|514,7|6,78|33,88|
|C110|000001||
|C110|000002||
|C110|000003||
|C110|000010||
|C110|000004||
|C110|000011||
|C110|000005||
|C190|351|5101|18|5692,62|5513,44|496,22|0|0|0|179,18||
|C190|551|5101|18|1299,88|1258,96|113,3|0|0|0|40,92||
|C100|1|0|C0000001937|55|00|002|213442|31231002258243000400550020002134421422929580|10102023|10102023|8607,28|1|0|0|8336,36|0|0|0|0|8336,44|750,26|0|0|270,92|137,54|633,58|8,34|41,68|
|C110|000001||
|C110|000002||
|C110|000003||
|C110|000010||
|C110|000004||
|C110|000011||
|C110|000005||
|C110|000012||
|C110|000013||
|C190|351|5101|18|7945,8|7695,72|692,6|0|0|0|250,1||
|C190|551|5101|18|661,48|640,72|57,66|0|0|0|20,82||
|C100|1|0|C0000001937|55|00|002|213443|31231002258243000400550020002134431923260701|10102023|10102023|14025,44|1|0|0|13583,96|0|0|0|0|13584|1222,54|0|0|441,48|224,14|1032,36|13,58|67,92|
|C110|000001||
|C110|000008||
|C110|000002||
|C110|000003||
|C110|000009||
|C110|000010||
|C110|000004||
|C110|000011||
|C110|000005||
|C110|000012||
|C110|000013||
|C190|351|5101|18|11496,26|11134,4|1002,08|0|0|0|361,86||
|C190|551|5101|18|2529,18|2449,6|220,46|0|0|0|79,62||
|C100|1|0|B0000310001|55|00|002|213369|31231002258243000400550020002133691561568002|06102023|06102023|1598,65|2|0|0|1598,65|9|0|0|0|1598,65|105,08|0|0|0|0|0|0|0|
|C110|000020||
|C110|000021||
|C110|000003||
|C110|000011||
|C110|000005||
|C190|300|6151|4|1084,42|1084,42|43,38|0|0|0|0||
|C190|500|6151|12|514,23|514,23|61,7|0|0|0|0||
|C100|1|0|C0000001937|55|00|002|213444|31231002258243000400550020002134441490040325|10102023|10102023|13740,9|1|0|0|13308,38|0|0|0|0|13308,44|1197,74|0|0|432,52|219,62|1011,46|13,32|66,52|
|C110|000001||
|C110|000008||
|C110|000002||
|C110|000003||
|C110|000009||
|C110|000010||
|C110|000004||
|C110|000011||
|C110|000005||
|C190|351|5101|18|10689,14|10352,72|931,74|0|0|0|336,46||
|C190|551|5101|18|3051,76|2955,72|266|0|0|0|96,06||
|C100|1|0|C0000001937|55|00|002|213445|31231002258243000400550020002134451544096592|10102023|10102023|12089,78|1|0|0|11709,26|0|0|0|0|11709,36|1053,84|0|0|380,52|193,2|889,9|11,72|58,56|
|C110|000001||
|C110|000008||
|C110|000003||
|C110|000009||
|C110|000010||
|C110|000011||
|C110|000005||
|C110|000012||
|C110|000013||
|C190|351|5101|18|7943,3|7693,32|692,4|0|0|0|250,02||
|C190|551|5101|18|4146,48|4016,04|361,44|0|0|0|130,5||
|C100|0|1|B00310001|55|00|002|326316|41231002258243000150550020003263161716367473|09102023|10102023|43273,73|2|0|0|43273,73|1|0|0|0|43273,73|1730,95|0|0|0|0|0|0|0|
|C110|000014||
|C170|1|C63442-106|Acion.vid jan ES-EL-OE-LI-AN-LL-341__-N|720|PÇ|43273,73|0|0|300|2151|2151/AA|43273,73|4|1730,95|0|0|0|0|05||0|0|0|98|0|0|0|0|0|98|0|0|0|0|0||0|
|C190|300|2151|4|43273,73|43273,73|1730,95|0|0|0|0||
|C100|0|1|B00310001|55|00|002|326317|41231002258243000150550020003263171461350357|09102023|10102023|36508,62|2|0|0|36508,62|1|0|0|0|36508,62|4381,03|0|0|0|0|0|0|0|
|C110|000014||
|C170|1|E46965-102|Acion.vid jan ES-EL-OE-RE-AN-LL-X6H__-N|360|PÇ|18251,51|0|0|500|2151|2151/AA|18251,51|12|2190,18|0|0|0|0|05||0|0|0|98|0|0|0|0|0|98|0|0|0|0|0||0|
|C170|2|E46966-102|Acion.vid jan ES-EL-OE-LI-AN-LL-X6H__-N|360|PÇ|18257,11|0|0|500|2151|2151/AA|18257,11|12|2190,85|0|0|0|0|05||0|0|0|98|0|0|0|0|0|98|0|0|0|0|0||0|
|C190|500|2151|12|36508,62|36508,62|4381,03|0|0|0|0||
|C100|0|1|B00310001|55|00|002|326318|41231002258243000150550020003263181348288207|09102023|10102023|24275,72|2|0|0|24275,72|1|0|0|0|24275,72|2913,08|0|0|0|0|0|0|0|
|C110|000014||
|C170|1|E46961-103|Acion.vid jan ES-EL-OE-RE-AN-LL-199__-N|240|PÇ|12146,45|0|0|500|2151|2151/AA|12146,45|12|1457,57|0|0|0|0|05||0|0|0|98|0|0|0|0|0|98|0|0|0|0|0||0|
|C170|2|E46962-103|Acion.vid jan ES-EL-OE-LI-AN-LL-199__-N|240|PÇ|12129,27|0|0|500|2151|2151/AA|12129,27|12|1455,51|0|0|0|0|05||0|0|0|98|0|0|0|0|0|98|0|0|0|0|0||0|
|C190|500|2151|12|24275,72|24275,72|2913,08|0|0|0|0||
|C100|0|1|B00310001|55|00|002|326324|41231002258243000150550020003263241252507860|09102023|10102023|45640,24|2|0|0|45640,24|1|0|0|0|45640,24|1825,61|0|0|0|0|0|0|0|
|C110|000014||
|C170|1|E47181-104|Acion.vid jan ES-EL-OE-RE-AN-LL-341__-N|360|PÇ|22926,26|0|0|300|2151|2151/AA|22926,26|4|917,05|0|0|0|0|05||0|0|0|98|0|0|0|0|0|98|0|0|0|0|0||0|
|C170|2|E47182-104|Acion.vid jan ES-EL-OE-LI-AN-LL-341__-N|360|PÇ|22713,98|0|0|300|2151|2151/AA|22713,98|4|908,56|0|0|0|0|05||0|0|0|98|0|0|0|0|0|98|0|0|0|0|0||0|
|C190|300|2151|4|45640,24|45640,24|1825,61|0|0|0|0||
|C100|0|1|B00310001|55|00|002|326325|41231002258243000150550020003263251537944530|09102023|10102023|66005,79|2|0|0|66005,79|1|0|0|0|66005,79|3810,98|0|0|0|0|0|0|0|
|C110|000014||
|C170|1|C63443-106|Acion.vid jan ES-EL-OE-RE-AN-LL-341__-N|840|PÇ|51371,51|0|0|300|2151|2151/AA|51371,51|4|2054,86|0|0|0|0|05||0|0|0|98|0|0|0|0|0|98|0|0|0|0|0||0|
|C170|2|C63446-106|Acion.vid jan ES-MA-OE-LI-AN-LL-341__-N|260|PÇ|7352,98|0|0|500|2151|2151/AA|7352,98|12|882,36|0|0|0|0|05||0|0|0|98|0|0|0|0|0|98|0|0|0|0|0||0|
|C170|3|C63447-106|Acion.vid jan ES-MA-OE-RE-AN-LL-341__-N|260|PÇ|7281,3|0|0|500|2151|2151/AA|7281,3|12|873,76|0|0|0|0|05||0|0|0|98|0|0|0|0|0|98|0|0|0|0|0||0|
|C190|300|2151|4|51371,51|51371,51|2054,86|0|0|0|0||
|C190|500|2151|12|14634,28|14634,28|1756,12|0|0|0|0||
|C100|0|1|B00310001|55|00|002|326326|41231002258243000150550020003263261814947721|09102023|10102023|2425,57|2|0|0|2425,57|1|0|0|0|2425,57|291,07|0|0|0|0|0|0|0|
|C110|000014||
|C170|1|E46970-102|Acion.vid jan ES-MA-NA-LI-OA-LL-199__-N|100|PÇ|2425,57|0|0|500|2151|2151/AA|2425,57|12|291,07|0|0|0|0|05||0|0|0|98|0|0|0|0|0|98|0|0|0|0|0||0|
|C190|500|2151|12|2425,57|2425,57|291,07|0|0|0|0||
|C100|0|1|V0002000031|55|00|002|326327|41231002258243000150550020003263271957662175|09102023|10102023|27200|2|0|0|27200|0|0|0|0|0|0|0|0|0|0|0|0|0|
|C110|000015||
|C110|000014||
|C170|1|3044J2-000|GLT FOR-KLBE-M-KU-___-1.200-1.000- 975|32|PÇ|27200|0|0|040|2920|2920/AA|0|0|0|0|0|0|0|05||0|0|0|98|0|0|0|0|0|98|0|0|0|0|0||0|
|C190|040|2920|0|27200|0|0|0|0|0|0||
|C100|1|0|C0000001937|55|00|002|213446|31231002258243000400550020002134461425554160|10102023|10102023|13960,9|1|0|0|13521,46|0|0|0|0|13521,48|1216,92|0|0|439,44|223,1|1027,64|13,5|67,6|
|C110|000001||
|C110|000008||
|C110|000002||
|C110|000003||
|C110|000009||
|C110|000010||
|C110|000004||
|C110|000011||
|C110|000005||
|C110|000012||
|C110|000006||
|C110|000007||
|C110|000013||
|C190|351|5101|18|7508,4|7272,08|654,48|0|0|0|236,34||
|C190|551|5101|18|6452,5|6249,4|562,44|0|0|0|203,1||
|C100|1|0|B0000310001|55|00|002|213447|31231002258243000400550020002134471955816534|10102023|10102023|61,06|2|0|0|61,06|1|0|0|0|58,71|2,35|0|0|0|0|0|0|0|
|C110|000014||
|C110|000018||
|C110|000019||
|C110|000003||
|C190|300|6151|4|61,06|58,71|2,35|0|0|0|0||
|C100|1|0|C0000001937|55|00|002|213449|31231002258243000400550020002134491323217493|10102023|10102023|14735,34|1|0|0|14271,52|0|0|0|0|14271,6|1284,44|0|0|463,82|235,48|1084,64|14,26|71,34|
|C110|000001||
|C110|000008||
|C110|000002||
|C110|000003||
|C110|000009||
|C110|000010||
|C110|000004||
|C110|000011||
|C110|000005||
|C110|000012||
|C110|000013||
|C190|351|5101|18|8581,38|8311,32|748|0|0|0|270,1||
|C190|551|5101|18|6153,96|5960,28|536,44|0|0|0|193,72||
|C100|1|0|C0000001937|55|00|002|213450|31231002258243000400550020002134501012841307|10102023|10102023|6626,02|1|0|0|6417,46|0|0|0|0|6417,48|577,58|0|0|208,56|105,88|487,72|6,44|32,08|
|C110|000001||
|C110|000008||
|C110|000002||
|C110|000009||
|C110|000004||
|C110|000003||
|C110|000005||
|C190|351|5101|18|6626,02|6417,48|577,58|0|0|0|208,56||
|C100|1|0|C0000001937|55|00|002|213451|31231002258243000400550020002134511836301525|10102023|10102023|13859,26|1|0|0|13423,02|0|0|0|0|13423,08|1208,06|0|0|436,24|221,5|1020,16|13,44|67,1|
|C110|000001||
|C110|000008||
|C110|000002||
|C110|000009||
|C110|000010||
|C110|000004||
|C110|000011||
|C110|000003||
|C110|000005||
|C110|000012||
|C110|000006||
|C110|000007||
|C110|000013||
|C190|351|5101|18|8408,2|8143,56|732,9|0|0|0|264,66||
|C190|551|5101|18|5451,06|5279,52|475,16|0|0|0|171,58||
|C100|1|0|C0000001937|55|00|002|213452|31231002258243000400550020002134521979240292|10102023|10102023|13047,22|1|0|0|12636,54|0|0|0|0|12636,6|1137,3|0|0|410,68|208,5|960,36|12,66|63,18|
|C110|000001||
|C110|000008||
|C110|000002||
|C110|000009||
|C110|000010||
|C110|000004||
|C110|000011||
|C110|000003||
|C110|000005||
|C110|000012||
|C110|000013||
|C190|351|5101|18|7656,84|7415,88|667,44|0|0|0|241||
|C190|551|5101|18|5390,38|5220,72|469,86|0|0|0|169,68||
|C100|1|0|C0000001937|55|00|002|213453|31231002258243000400550020002134531391244410|10102023|10102023|7412,06|1|0|0|7178,76|0|0|0|0|7178,8|646,08|0|0|233,3|118,46|545,6|7,18|35,9|
|C110|000001||
|C110|000002||
|C110|000004||
|C110|000003||
|C110|000005||
|C190|351|5101|18|7412,06|7178,8|646,08|0|0|0|233,3||
|C100|1|0|C0000001937|55|00|002|213454|31231002258243000400550020002134541974617503|10102023|10102023|15182,38|1|0|0|14704,5|0|0|0|0|14704,56|1323,42|0|0|477,88|242,64|1117,54|14,7|73,52|
|C110|000001||
|C110|000010||
|C110|000011||
|C110|000002||
|C110|000003||
|C110|000004||
|C110|000005||
|C110|000012||
|C110|000013||
|C190|351|5101|18|8222,22|7963,44|716,72|0|0|0|258,8||
|C190|551|5101|18|6960,16|6741,12|606,7|0|0|0|219,08||
|C100|1|0|C0000001937|55|00|002|213455|31231002258243000400550020002134551072059920|10102023|10102023|10807,78|1|0|0|10467,58|0|0|0|0|10467,64|942,1|0|0|340,2|172,72|795,54|10,48|52,34|
|C110|000001||
|C110|000010||
|C110|000011||
|C110|000002||
|C110|000003||
|C110|000004||
|C110|000005||
|C110|000012||
|C110|000013||
|C190|351|5101|18|5534,42|5360,24|482,42|0|0|0|174,2||
|C190|551|5101|18|5273,36|5107,4|459,68|0|0|0|166||
|C100|1|0|C0000001937|55|00|002|213456|31231002258243000400550020002134561057955267|10102023|10102023|11944,92|1|0|0|11568,94|0|0|0|0|11569|1041,18|0|0|375,98|190,92|879,22|11,58|57,82|
|C110|000001||
|C110|000010||
|C110|000011||
|C110|000002||
|C110|000003||
|C110|000004||
|C110|000005||
|C110|000012||
|C110|000006||
|C110|000007||
|C110|000013||
|C190|351|5101|18|7644,96|7404,32|666,38|0|0|0|240,64||
|C190|551|5101|18|4299,96|4164,68|374,8|0|0|0|135,34||
|C100|1|0|C0000001937|55|00|002|213457|31231002258243000400550020002134571200447387|10102023|10102023|13650,94|1|0|0|13221,26|0|0|0|0|13221,32|1189,9|0|0|429,68|218,16|1004,8|13,22|66,1|
|C110|000001||
|C110|000010||
|C110|000011||
|C110|000002||
|C110|000003||
|C110|000004||
|C110|000005||
|C110|000012||
|C110|000013||
|C190|351|5101|18|7748,2|7504,32|675,38|0|0|0|243,88||
|C190|551|5101|18|5902,74|5717|514,52|0|0|0|185,8||
|C100|1|0|C0000001937|55|00|002|213458|31231002258243000400550020002134581684297742|10102023|10102023|10907,54|1|0|0|10564,22|0|0|0|0|10564,28|950,8|0|0|343,32|174,32|802,88|10,56|52,82|
|C110|000001||
|C110|000010||
|C110|000011||
|C110|000002||
|C110|000003||
|C110|000004||
|C110|000005||
|C110|000012||
|C110|000013||
|C190|351|5101|18|7036,54|6815,08|613,36|0|0|0|221,48||
|C190|551|5101|18|3871|3749,2|337,44|0|0|0|121,84||
|C100|1|0|C0000001937|55|00|002|213459|31231002258243000400550020002134591382051985|10102023|10102023|10675,4|1|0|0|10339,4|0|0|0|0|10339,48|930,54|0|0|336|170,62|785,8|10,32|51,7|
|C110|000001||
|C110|000010||
|C110|000011||
|C110|000002||
|C110|000003||
|C110|000004||
|C110|000005||
|C110|000012||
|C110|000013||
|C190|351|5101|18|6226,36|6030,4|542,74|0|0|0|195,98||
|C190|551|5101|18|4449,04|4309,08|387,8|0|0|0|140,02||
|C100|1|0|C0000001937|55|00|002|213460|31231002258243000400550020002134601914885738|10102023|10102023|15124,28|1|0|0|14648,22|0|0|0|0|14648,32|1318,36|0|0|476,06|241,66|1113,26|14,66|73,24|
|C110|000001||
|C110|000008||
|C110|000009||
|C110|000010||
|C110|000011||
|C110|000002||
|C110|000003||
|C110|000004||
|C110|000005||
|C110|000012||
|C110|000013||
|C190|351|5101|18|11733,54|11364,28|1022,78|0|0|0|369,32||
|C190|551|5101|18|3390,74|3284,04|295,58|0|0|0|106,74||
|C100|1|0|C0000001937|55|00|002|213461|31231002258243000400550020002134611911105577|10102023|10102023|14759,36|1|0|0|14294,8|0|0|0|0|14294,84|1286,52|0|0|464,56|235,88|1086,42|14,28|71,48|
|C110|000001||
|C110|000008||
|C110|000009||
|C110|000010||
|C110|000011||
|C110|000002||
|C110|000003||
|C110|000004||
|C110|000005||
|C110|000012||
|C110|000013||
|C190|351|5101|18|10479|10149,16|913,42|0|0|0|329,84||
|C190|551|5101|18|4280,36|4145,68|373,1|0|0|0|134,72||
|C100|1|0|C0000001937|55|00|002|213462|31231002258243000400550020002134621556321708|10102023|10102023|14691,54|1|0|0|14229,1|0|0|0|0|14229,12|1280,62|0|0|462,44|234,78|1081,42|14,22|71,16|
|C110|000001||
|C110|000008||
|C110|000009||
|C110|000010||
|C110|000011||
|C110|000002||
|C110|000003||
|C110|000004||
|C110|000005||
|C110|000012||
|C110|000013||
|C190|351|5101|18|10033,54|9717,72|874,6|0|0|0|315,82||
|C190|551|5101|18|4658|4511,4|406,02|0|0|0|146,62||
|C100|1|0|C0000001937|55|00|002|213463|31231002258243000400550020002134631223920132|10102023|10102023|17080,54|1|0|0|16542,92|0|0|0|0|16543|1488,86|0|0|537,62|272,98|1257,26|16,52|82,7|
|C110|000001||
|C110|000010||
|C110|000011||
|C110|000008||
|C110|000002||
|C110|000003||
|C110|000009||
|C110|000004||
|C110|000005||
|C110|000012||
|C110|000013||
|C190|351|5101|18|13320,88|12901,64|1161,14|0|0|0|419,28||
|C190|551|5101|18|3759,66|3641,36|327,72|0|0|0|118,34||
|C100|1|0|C0000001937|55|00|002|213464|31231002258243000400550020002134641876217574|11102023|11102023|15334,4|1|0|0|14851,74|0|0|0|0|14851,8|1336,66|0|0|482,66|245,06|1128,74|14,84|74,26|
|C110|000001||
|C110|000010||
|C110|000011||
|C110|000008||
|C110|000002||
|C110|000003||
|C110|000009||
|C110|000004||
|C110|000005||
|C190|351|5101|18|12855,7|12451,08|1120,6|0|0|0|404,64||
|C190|551|5101|18|2478,7|2400,72|216,06|0|0|0|78,02||
|C100|1|0|C0000001937|55|00|002|213465|31231002258243000400550020002134651194219952|11102023|11102023|16748,52|1|0|0|16221,34|0|0|0|0|16221,44|1459,92|0|0|527,18|267,66|1232,82|16,22|81,08|
|C110|000001||
|C110|000010||
|C110|000011||
|C110|000008||
|C110|000002||
|C110|000003||
|C110|000009||
|C110|000004||
|C110|000005||
|C110|000012||
|C110|000013||
|C190|351|5101|18|9671,34|9366,96|843,02|0|0|0|304,42||
|C190|551|5101|18|7077,18|6854,48|616,9|0|0|0|222,76||
|C100|1|0|C0000001937|55|00|002|213466|31231002258243000400550020002134661293675287|11102023|11102023|30098,74|1|0|0|29151,32|0|0|0|0|29151,36|2623,62|0|0|947,42|480,98|2215,52|29,14|145,74|
|C110|000001||
|C110|000010||
|C110|000011||
|C110|000002||
|C110|000003||
|C110|000004||
|C110|000005||
|C110|000006||
|C110|000007||
|C190|351|5101|18|21614,22|20933,88|1884,04|0|0|0|680,36||
|C190|551|5101|18|8484,52|8217,48|739,58|0|0|0|267,06||
|C100|1|0|C0000001937|55|00|002|213467|31231002258243000400550020002134671219140089|11102023|11102023|17540,24|1|0|0|16988,16|0|0|0|0|16988,2|1528,94|0|0|552,08|280,32|1291,12|17|84,94|
|C110|000001||
|C110|000008||
|C110|000012||
|C110|000009||
|C110|000010||
|C110|000011||
|C110|000013||
|C110|000002||
|C110|000003||
|C110|000004||
|C110|000005||
|C190|351|5101|18|13771,92|13338,44|1200,46|0|0|0|433,48||
|C190|551|5101|18|3768,32|3649,76|328,48|0|0|0|118,6||
|C100|1|0|C0000001937|55|00|002|213468|31231002258243000400550020002134681088982712|11102023|11102023|17115,6|1|0|0|16576,88|0|0|0|0|16576,92|1491,96|0|0|538,72|273,52|1259,84|16,6|82,9|
|C110|000001||
|C110|000008||
|C110|000012||
|C110|000009||
|C110|000013||
|C110|000002||
|C110|000003||
|C110|000010||
|C110|000004||
|C110|000011||
|C110|000005||
|C190|351|5101|18|14422,76|13968,8|1257,22|0|0|0|453,96||
|C190|551|5101|18|2692,84|2608,12|234,74|0|0|0|84,76||
|C100|0|1|B00310001|55|00|002|326354|41231002258243000150550020003263541095770673|10102023|11102023|109525,86|2|0|0|109525,86|1|0|0|0|109525,86|13143,1|0|0|0|0|0|0|0|
|C110|000014||
|C170|1|E46965-102|Acion.vid jan ES-EL-OE-RE-AN-LL-X6H__-N|1080|PÇ|54754,52|0|0|500|2151|2151/AA|54754,52|12|6570,54|0|0|0|0|05||0|0|0|98|0|0|0|0|0|98|0|0|0|0|0||0|
|C170|2|E46966-102|Acion.vid jan ES-EL-OE-LI-AN-LL-X6H__-N|1080|PÇ|54771,34|0|0|500|2151|2151/AA|54771,34|12|6572,56|0|0|0|0|05||0|0|0|98|0|0|0|0|0|98|0|0|0|0|0||0|
|C190|500|2151|12|109525,86|109525,86|13143,1|0|0|0|0||
|C100|0|1|B00310001|55|00|002|326355|41231002258243000150550020003263551142411236|10102023|11102023|7761,82|2|0|0|7761,82|1|0|0|0|7761,82|931,42|0|0|0|0|0|0|0|
|C110|000014||
|C170|1|E46970-102|Acion.vid jan ES-MA-NA-LI-OA-LL-199__-N|320|PÇ|7761,82|0|0|500|2151|2151/AA|7761,82|12|931,42|0|0|0|0|05||0|0|0|98|0|0|0|0|0|98|0|0|0|0|0||0|
|C190|500|2151|12|7761,82|7761,82|931,42|0|0|0|0||
|C100|0|1|B00310001|55|00|002|326362|41231002258243000150550020003263621568706367|10102023|11102023|3879,8|2|0|0|3879,8|1|0|0|0|3879,8|465,58|0|0|0|0|0|0|0|
|C110|000014||
|C170|1|E46969-102|Acion.vid jan ES-MA-NA-RE-OA-LL-199__-N|160|PÇ|3879,8|0|0|500|2151|2151/AA|3879,8|12|465,58|0|0|0|0|05||0|0|0|98|0|0|0|0|0|98|0|0|0|0|0||0|
|C190|500|2151|12|3879,8|3879,8|465,58|0|0|0|0||
|C100|0|1|B00310001|55|00|002|326366|41231002258243000150550020003263661069635579|10102023|11102023|169843,15|2|0|0|169843,15|1|0|0|0|169843,15|8546,97|0|0|0|0|0|0|0|
|C110|000014||
|C170|1|C63442-106|Acion.vid jan ES-EL-OE-LI-AN-LL-341__-N|720|PÇ|43273,73|0|0|300|2151|2151/AA|43273,73|4|1730,95|0|0|0|0|05||0|0|0|98|0|0|0|0|0|98|0|0|0|0|0||0|
|C170|2|C63443-106|Acion.vid jan ES-EL-OE-RE-AN-LL-341__-N|840|PÇ|51371,51|0|0|300|2151|2151/AA|51371,51|4|2054,86|0|0|0|0|05||0|0|0|98|0|0|0|0|0|98|0|0|0|0|0||0|
|C170|3|C63446-106|Acion.vid jan ES-MA-OE-LI-AN-LL-341__-N|260|PÇ|7352,98|0|0|500|2151|2151/AA|7352,98|12|882,36|0|0|0|0|05||0|0|0|98|0|0|0|0|0|98|0|0|0|0|0||0|
|C170|4|C63447-106|Acion.vid jan ES-MA-OE-RE-AN-LL-341__-N|520|PÇ|14562,6|0|0|500|2151|2151/AA|14562,6|12|1747,51|0|0|0|0|05||0|0|0|98|0|0|0|0|0|98|0|0|0|0|0||0|
|C170|5|E47181-104|Acion.vid jan ES-EL-OE-RE-AN-LL-341__-N|480|PÇ|30568,35|0|0|300|2151|2151/AA|30568,35|4|1222,73|0|0|0|0|05||0|0|0|98|0|0|0|0|0|98|0|0|0|0|0||0|
|C170|6|E47182-104|Acion.vid jan ES-EL-OE-LI-AN-LL-341__-N|360|PÇ|22713,98|0|0|300|2151|2151/AA|22713,98|4|908,56|0|0|0|0|05||0|0|0|98|0|0|0|0|0|98|0|0|0|0|0||0|
|C190|300|2151|4|147927,57|147927,57|5917,1|0|0|0|0||
|C190|500|2151|12|21915,58|21915,58|2629,87|0|0|0|0||
|C100|0|1|V0002000031|55|00|002|326365|41231002258243000150550020003263651618551959|10102023|11102023|37400|2|0|0|37400|0|0|0|0|0|0|0|0|0|0|0|0|0|
|C110|000015||
|C110|000014||
|C170|1|3044J2-000|GLT FOR-KLBE-M-KU-___-1.200-1.000- 975|44|PÇ|37400|0|0|040|2920|2920/AA|0|0|0|0|0|0|0|05||0|0|0|98|0|0|0|0|0|98|0|0|0|0|0||0|
|C190|040|2920|0|37400|0|0|0|0|0|0||
|C100|1|0|C0000001937|55|00|002|213469|31231002258243000400550020002134691495960430|11102023|11102023|14475,54|1|0|0|14019,9|0|0|0|0|14019,96|1261,76|0|0|455,64|231,32|1065,52|14,02|70,1|
|C110|000001||
|C110|000008||
|C110|000012||
|C110|000009||
|C110|000013||
|C110|000002||
|C110|000003||
|C110|000010||
|C110|000004||
|C110|000011||
|C110|000005||
|C190|351|5101|18|10958,1|10613,2|955,16|0|0|0|344,92||
|C190|551|5101|18|3517,44|3406,76|306,6|0|0|0|110,72||
|C100|1|0|C0000001937|55|00|002|213470|31231002258243000400550020002134701385992567|11102023|11102023|13401,44|1|0|0|12979,6|0|0|0|0|12979,68|1168,16|0|0|421,84|214,2|986,46|12,98|64,9|
|C110|000001||
|C110|000008||
|C110|000012||
|C110|000009||
|C110|000013||
|C110|000002||
|C110|000003||
|C110|000006||
|C110|000007||
|C110|000010||
|C110|000004||
|C110|000011||
|C110|000005||
|C190|351|5101|18|6292,16|6094,16|548,46|0|0|0|198,06||
|C190|551|5101|18|7109,28|6885,52|619,7|0|0|0|223,78||
|C100|1|0|C0000001937|55|00|002|213471|31231002258243000400550020002134711079864589|11102023|11102023|15492,72|1|0|0|15005,06|0|0|0|0|15005,12|1350,46|0|0|487,66|247,58|1140,38|15|75,04|
|C110|000001||
|C110|000008||
|C110|000012||
|C110|000009||
|C110|000013||
|C110|000002||
|C110|000003||
|C110|000010||
|C110|000004||
|C110|000011||
|C110|000005||
|C190|351|5101|18|11309,46|10953,52|985,82|0|0|0|355,98||
|C190|551|5101|18|4183,26|4051,6|364,64|0|0|0|131,68||
|C100|1|0|C0000001937|55|00|002|213472|31231002258243000400550020002134721140600636|11102023|11102023|16760,7|1|0|0|16233,14|0|0|0|0|16233,2|1460,98|0|0|527,56|267,84|1233,72|16,24|81,16|
|C110|000001||
|C110|000008||
|C110|000009||
|C110|000002||
|C110|000012||
|C110|000003||
|C110|000010||
|C110|000004||
|C110|000011||
|C110|000013||
|C110|000005||
|C190|351|5101|18|13098,84|12686,56|1141,78|0|0|0|412,3||
|C190|551|5101|18|3661,86|3546,64|319,2|0|0|0|115,26||
|C100|1|0|C0000001937|55|00|002|213473|31231002258243000400550020002134731710114189|11102023|11102023|16059,86|1|0|0|15554,36|0|0|0|0|15554,4|1399,9|0|0|505,5|256,66|1182,12|15,56|77,76|
|C110|000001||
|C110|000008||
|C110|000002||
|C110|000003||
|C110|000009||
|C110|000010||
|C110|000004||
|C110|000011||
|C110|000005||
|C190|351|5101|18|10520,08|10188,96|917,02|0|0|0|331,14||
|C190|551|5101|18|5539,78|5365,44|482,88|0|0|0|174,36||
|C100|1|0|C0000001937|55|00|002|213474|31231002258243000400550020002134741669850278|11102023|11102023|14690,7|1|0|0|14228,3|0|0|0|0|14228,36|1280,56|0|0|462,4|234,76|1081,36|14,22|71,14|
|C110|000001||
|C110|000008||
|C110|000002||
|C110|000012||
|C110|000003||
|C110|000006||
|C110|000007||
|C110|000009||
|C110|000010||
|C110|000004||
|C110|000011||
|C110|000013||
|C110|000005||
|C190|351|5101|18|8513,38|8245,44|742,1|0|0|0|267,96||
|C190|551|5101|18|6177,32|5982,92|538,46|0|0|0|194,44||
|C100|1|0|C0000001937|55|00|002|213475|31231002258243000400550020002134751007980794|11102023|11102023|22722,44|1|0|0|22007,22|0|0|0|0|22007,28|1980,64|0|0|715,22|363,14|1672,56|22,02|110,02|
|C110|000001||
|C110|000008||
|C110|000002||
|C110|000012||
|C110|000003||
|C110|000006||
|C110|000007||
|C110|000009||
|C110|000010||
|C110|000004||
|C110|000011||
|C110|000013||
|C110|000005||
|C190|351|5101|18|12813,52|12410,24|1116,92|0|0|0|403,32||
|C190|551|5101|18|9908,92|9597,04|863,72|0|0|0|311,9||
|C100|1|0|C0000001937|55|00|002|213476|31231002258243000400550020002134761141314652|11102023|11102023|12751,86|1|0|0|12350,48|0|0|0|0|12350,56|1111,54|0|0|401,38|203,78|938,66|12,34|61,76|
|C110|000001||
|C110|000008||
|C110|000002||
|C110|000012||
|C110|000003||
|C110|000006||
|C110|000007||
|C110|000009||
|C110|000010||
|C110|000004||
|C110|000011||
|C110|000013||
|C110|000005||
|C190|351|5101|18|8410,14|8145,48|733,08|0|0|0|264,72||
|C190|551|5101|18|4341,72|4205,08|378,46|0|0|0|136,66||
|C100|1|0|C0000001937|55|00|002|213477|31231002258243000400550020002134771254278853|11102023|11102023|18489,6|1|0|0|17907,6|0|0|0|0|17907,72|1611,7|0|0|582|295,48|1360,98|17,9|89,54|
|C110|000001||
|C110|000008||
|C110|000002||
|C110|000012||
|C110|000003||
|C110|000006||
|C110|000007||
|C110|000009||
|C110|000010||
|C110|000004||
|C110|000011||
|C110|000013||
|C110|000005||
|C190|351|5101|18|15396,74|14912,16|1342,1|0|0|0|484,64||
|C190|551|5101|18|3092,86|2995,56|269,6|0|0|0|97,36||
|C100|1|0|C0000001937|55|00|002|213478|31231002258243000400550020002134781354184408|11102023|11102023|14973,86|1|0|0|14502,54|0|0|0|0|14502,6|1305,22|0|0|471,32|239,28|1102,22|14,5|72,5|
|C110|000001||
|C110|000008||
|C110|000002||
|C110|000003||
|C110|000006||
|C110|000007||
|C110|000009||
|C110|000010||
|C110|000004||
|C110|000011||
|C110|000005||
|C190|351|5101|18|11931,48|11555,96|1040,02|0|0|0|375,56||
|C190|551|5101|18|3042,38|2946,64|265,2|0|0|0|95,76||
|C100|1|0|C0000001937|55|00|002|213479|31231002258243000400550020002134791285306390|11102023|11102023|7824,8|1|0|0|7578,5|0|0|0|0|7578,56|682,06|0|0|246,3|125,06|575,96|7,58|37,88|
|C110|000001||
|C110|000008||
|C110|000002||
|C110|000003||
|C110|000006||
|C110|000007||
|C110|000009||
|C110|000004||
|C110|000005||
|C190|351|5101|18|7824,8|7578,56|682,06|0|0|0|246,3||
|C100|1|0|C0000001937|55|00|002|213480|31231002258243000400550020002134801403876124|11102023|11102023|21207,64|1|0|0|20540,1|0|0|0|0|20540,16|1848,62|0|0|667,54|338,94|1561,06|20,52|102,68|
|C110|000001||
|C110|000008||
|C110|000002||
|C110|000012||
|C110|000003||
|C110|000006||
|C110|000007||
|C110|000009||
|C110|000010||
|C110|000004||
|C110|000011||
|C110|000013||
|C110|000005||
|C190|351|5101|18|8816,22|8538,76|768,5|0|0|0|277,5||
|C190|551|5101|18|12391,42|12001,4|1080,12|0|0|0|390,04||
|C100|1|0|C0000001937|55|00|002|213481|31231002258243000400550020002134811121131730|11102023|11102023|13028,7|1|0|0|12618,6|0|0|0|0|12618,64|1135,68|0|0|410,1|208,22|959|12,62|63,08|
|C110|000001||
|C110|000008||
|C110|000002||
|C110|000012||
|C110|000003||
|C110|000006||
|C110|000007||
|C110|000009||
|C110|000010||
|C110|000004||
|C110|000011||
|C110|000013||
|C110|000005||
|C190|351|5101|18|7625,5|7385,52|664,7|0|0|0|240,02||
|C190|551|5101|18|5403,2|5233,12|470,98|0|0|0|170,08||
|C100|1|0|C0000001937|55|00|002|213482|31231002258243000400550020002134821168054241|11102023|11102023|6349,6|1|0|0|6149,74|0|0|0|0|6149,76|553,48|0|0|199,86|101,46|467,38|6,14|30,74|
|C110|000001||
|C110|000008||
|C110|000002||
|C110|000003||
|C110|000006||
|C110|000007||
|C110|000009||
|C110|000004||
|C110|000005||
|C190|351|5101|18|6349,6|6149,76|553,48|0|0|0|199,86||
|C100|1|0|C0000001937|55|00|002|213483|31231002258243000400550020002134831365268977|11102023|11102023|12237,22|1|0|0|11852,06|0|0|0|0|11852,08|1066,68|0|0|385,16|195,56|900,76|11,84|59,26|
|C110|000001||
|C110|000008||
|C110|000002||
|C110|000012||
|C110|000003||
|C110|000006||
|C110|000007||
|C110|000009||
|C110|000010||
|C110|000004||
|C110|000011||
|C110|000013||
|C110|000005||
|C190|351|5101|18|8641,06|8369,08|753,22|0|0|0|271,98||
|C190|551|5101|18|3596,16|3483|313,46|0|0|0|113,18||
|C100|1|0|C0000001937|55|00|002|213484|31231002258243000400550020002134841457876881|11102023|11102023|13519,82|1|0|0|13094,26|0|0|0|0|13094,32|1178,46|0|0|425,56|216,1|995,16|13,1|65,5|
|C110|000001||
|C110|000008||
|C110|000002||
|C110|000012||
|C110|000003||
|C110|000009||
|C110|000010||
|C110|000004||
|C110|000011||
|C110|000013||
|C110|000005||
|C190|351|5101|18|11307,22|10951,36|985,62|0|0|0|355,9||
|C190|551|5101|18|2212,6|2142,96|192,84|0|0|0|69,66||
|C100|1|0|C0000001937|55|00|002|213485|31231002258243000400550020002134851079120518|11102023|11102023|15589,36|1|0|0|15098,66|0|0|0|0|15098,72|1358,9|0|0|490,7|249,14|1147,48|15,12|75,5|
|C110|000001||
|C110|000008||
|C110|000002||
|C110|000012||
|C110|000003||
|C110|000009||
|C110|000010||
|C110|000004||
|C110|000011||
|C110|000013||
|C110|000005||
|C190|351|5101|18|11615,88|11250,28|1012,54|0|0|0|365,62||
|C190|551|5101|18|3973,48|3848,44|346,36|0|0|0|125,08||
|C100|0|1|B00310001|55|00|002|326409|41231002258243000150550020003264091075790806|11102023|12102023|131114,55|2|0|0|131114,55|1|0|0|0|131114,55|6421,05|0|0|0|0|0|0|0|
|C110|000014||
|C170|1|C63442-106|Acion.vid jan ES-EL-OE-LI-AN-LL-341__-N|960|PÇ|57698,3|0|0|300|2151|2151/AA|57698,3|4|2307,93|0|0|0|0|05||0|0|0|98|0|0|0|0|0|98|0|0|0|0|0||0|
|C170|2|C63443-106|Acion.vid jan ES-EL-OE-RE-AN-LL-341__-N|960|PÇ|58710,3|0|0|300|2151|2151/AA|58710,3|4|2348,41|0|0|0|0|05||0|0|0|98|0|0|0|0|0|98|0|0|0|0|0||0|
|C170|3|C63446-106|Acion.vid jan ES-MA-OE-LI-AN-LL-341__-N|520|PÇ|14705,95|0|0|500|2151|2151/AA|14705,95|12|1764,71|0|0|0|0|05||0|0|0|98|0|0|0|0|0|98|0|0|0|0|0||0|
|C190|300|2151|4|116408,6|116408,6|4656,34|0|0|0|0||
|C190|500|2151|12|14705,95|14705,95|1764,71|0|0|0|0||
|C100|0|1|B00310001|55|00|002|326410|41231002258243000150550020003264101148574513|11102023|12102023|7281,3|2|0|0|7281,3|1|0|0|0|7281,3|873,76|0|0|0|0|0|0|0|
|C110|000014||
|C170|1|C63447-106|Acion.vid jan ES-MA-OE-RE-AN-LL-341__-N|260|PÇ|7281,3|0|0|500|2151|2151/AA|7281,3|12|873,76|0|0|0|0|05||0|0|0|98|0|0|0|0|0|98|0|0|0|0|0||0|
|C190|500|2151|12|7281,3|7281,3|873,76|0|0|0|0||
|C100|0|1|B00310001|55|00|002|326411|41231002258243000150550020003264111642147067|11102023|12102023|48678,16|2|0|0|48678,16|1|0|0|0|48678,16|5841,38|0|0|0|0|0|0|0|
|C110|000014||
|C170|1|E46965-102|Acion.vid jan ES-EL-OE-RE-AN-LL-X6H__-N|480|PÇ|24335,34|0|0|500|2151|2151/AA|24335,34|12|2920,24|0|0|0|0|05||0|0|0|98|0|0|0|0|0|98|0|0|0|0|0||0|
|C170|2|E46966-102|Acion.vid jan ES-EL-OE-LI-AN-LL-X6H__-N|480|PÇ|24342,82|0|0|500|2151|2151/AA|24342,82|12|2921,14|0|0|0|0|05||0|0|0|98|0|0|0|0|0|98|0|0|0|0|0||0|
|C190|500|2151|12|48678,16|48678,16|5841,38|0|0|0|0||
|C100|0|1|B00310001|55|00|002|326412|41231002258243000150550020003264121538975509|11102023|12102023|30323,18|2|0|0|30323,18|1|0|0|0|30323,18|3638,78|0|0|0|0|0|0|0|
|C110|000014||
|C170|1|E46962-103|Acion.vid jan ES-EL-OE-LI-AN-LL-199__-N|600|PÇ|30323,18|0|0|500|2151|2151/AA|30323,18|12|3638,78|0|0|0|0|05||0|0|0|98|0|0|0|0|0|98|0|0|0|0|0||0|
|C190|500|2151|12|30323,18|30323,18|3638,78|0|0|0|0||
|C100|0|1|B00310001|55|00|002|326413|41231002258243000150550020003264131142616119|11102023|12102023|30366,14|2|0|0|30366,14|1|0|0|0|30366,14|3643,94|0|0|0|0|0|0|0|
|C110|000014||
|C170|1|E46961-103|Acion.vid jan ES-EL-OE-RE-AN-LL-199__-N|600|PÇ|30366,14|0|0|500|2151|2151/AA|30366,14|12|3643,94|0|0|0|0|05||0|0|0|98|0|0|0|0|0|98|0|0|0|0|0||0|
|C190|500|2151|12|30366,14|30366,14|3643,94|0|0|0|0||
|C100|0|1|B00310001|55|00|002|326414|41231002258243000150550020003264141580241962|11102023|12102023|3879,8|2|0|0|3879,8|1|0|0|0|3879,8|465,58|0|0|0|0|0|0|0|
|C110|000014||
|C170|1|E46969-102|Acion.vid jan ES-MA-NA-RE-OA-LL-199__-N|160|PÇ|3879,8|0|0|500|2151|2151/AA|3879,8|12|465,58|0|0|0|0|05||0|0|0|98|0|0|0|0|0|98|0|0|0|0|0||0|
|C190|500|2151|12|3879,8|3879,8|465,58|0|0|0|0||
|C100|0|1|B00310001|55|00|002|326416|41231002258243000150550020003264161839284180|11102023|12102023|45640,24|2|0|0|45640,24|1|0|0|0|45640,24|1825,61|0|0|0|0|0|0|0|
|C110|000014||
|C170|1|E47181-104|Acion.vid jan ES-EL-OE-RE-AN-LL-341__-N|360|PÇ|22926,26|0|0|300|2151|2151/AA|22926,26|4|917,05|0|0|0|0|05||0|0|0|98|0|0|0|0|0|98|0|0|0|0|0||0|
|C170|2|E47182-104|Acion.vid jan ES-EL-OE-LI-AN-LL-341__-N|360|PÇ|22713,98|0|0|300|2151|2151/AA|22713,98|4|908,56|0|0|0|0|05||0|0|0|98|0|0|0|0|0|98|0|0|0|0|0||0|
|C190|300|2151|4|45640,24|45640,24|1825,61|0|0|0|0||
|C100|0|1|V0002000031|55|00|002|326417|41231002258243000150550020003264171603357378|11102023|12102023|37400|2|0|0|37400|0|0|0|0|0|0|0|0|0|0|0|0|0|
|C110|000015||
|C110|000014||
|C170|1|3044J2-000|GLT FOR-KLBE-M-KU-___-1.200-1.000- 975|44|PÇ|37400|0|0|040|2920|2920/AA|0|0|0|0|0|0|0|05||0|0|0|98|0|0|0|0|0|98|0|0|0|0|0||0|
|C190|040|2920|0|37400|0|0|0|0|0|0||
|C100|1|0|C0000001937|55|00|002|213486|31231002258243000400550020002134861704950980|12102023|12102023|16133,82|1|0|0|15626|0|0|0|0|15626,04|1406,32|0|0|507,82|257,84|1187,58|15,64|78,14|
|C110|000001||
|C110|000008||
|C110|000002||
|C110|000012||
|C110|000003||
|C110|000009||
|C110|000010||
|C110|000004||
|C110|000011||
|C110|000013||
|C110|000005||
|C190|351|5101|18|11643,34|11276,88|1014,9|0|0|0|366,48||
|C190|551|5101|18|4490,48|4349,16|391,42|0|0|0|141,34||
|C100|1|0|C0000001937|55|00|002|213487|31231002258243000400550020002134871967028175|12102023|12102023|14359,94|1|0|0|13907,96|0|0|0|0|13908,04|1251,72|0|0|451,98|229,46|1057|13,92|69,54|
|C110|000001||
|C110|000008||
|C110|000002||
|C110|000012||
|C110|000003||
|C110|000009||
|C110|000010||
|C110|000004||
|C110|000011||
|C110|000013||
|C110|000005||
|C190|351|5101|18|11061,32|10713,2|964,18|0|0|0|348,16||
|C190|551|5101|18|3298,62|3194,84|287,54|0|0|0|103,82||
|C100|1|0|C0000001937|55|00|002|213488|31231002258243000400550020002134881543748364|12102023|12102023|12451,08|1|0|0|12059,18|0|0|0|0|12059,24|1085,32|0|0|391,9|198,98|916,52|12,06|60,3|
|C110|000001||
|C110|000008||
|C110|000002||
|C110|000012||
|C110|000003||
|C110|000009||
|C110|000010||
|C110|000004||
|C110|000011||
|C110|000013||
|C110|000005||
|C190|351|5101|18|10024,38|9708,88|873,78|0|0|0|315,52||
|C190|551|5101|18|2426,7|2350,36|211,54|0|0|0|76,38||
|C100|1|0|C0001000031|55|00|002|213489|31231002258243000400550020002134891372562374|12102023|12102023|73100|0|0|0|73100|1|0|0|0|0|0|0|0|0|1206,15|5555,6|0|0|
|C110|000016||
|C110|000017||
|C110|000018||
|C110|000019||
|C190|040|6920|0|73100|0|0|0|0|0|0||
|C100|1|0|C0000001937|55|00|002|213490|31231002258243000400550020002134901644882161|12102023|12102023|13162,74|1|0|0|12748,42|0|0|0|0|12748,48|1147,38|0|0|414,32|210,34|968,88|12,76|63,74|
|C110|000001||
|C110|000008||
|C110|000002||
|C110|000012||
|C110|000003||
|C110|000009||
|C110|000010||
|C110|000004||
|C110|000011||
|C110|000013||
|C110|000005||
|C190|351|5101|18|9785,7|9477,72|853|0|0|0|308,02||
|C190|551|5101|18|3377,04|3270,76|294,38|0|0|0|106,3||
|C100|1|0|C0000001937|55|00|002|213491|31231002258243000400550020002134911335255283|12102023|12102023|9456,24|1|0|0|9158,6|0|0|0|0|9158,68|824,26|0|0|297,64|151,12|696,04|9,16|45,8|
|C110|000001||
|C110|000008||
|C110|000002||
|C110|000012||
|C110|000003||
|C110|000009||
|C110|000010||
|C110|000004||
|C110|000011||
|C110|000013||
|C110|000005||
|C190|351|5101|18|7132,54|6908,08|621,72|0|0|0|224,5||
|C190|551|5101|18|2323,7|2250,6|202,54|0|0|0|73,14||
|C100|1|0|C0000001937|55|00|002|213492|31231002258243000400550020002134921830495967|12102023|12102023|8946,62|1|0|0|8665|0|0|0|0|8665,08|779,84|0|0|281,62|142,96|658,56|8,66|43,34|
|C110|000001||
|C110|000008||
|C110|000002||
|C110|000012||
|C110|000003||
|C110|000009||
|C110|000010||
|C110|000004||
|C110|000011||
|C110|000013||
|C110|000005||
|C190|351|5101|18|6510,86|6305,96|567,52|0|0|0|204,94||
|C190|551|5101|18|2435,76|2359,12|212,32|0|0|0|76,68||
|C100|1|0|C0000001937|55|00|002|213493|31231002258243000400550020002134931533488793|12102023|12102023|12499,54|1|0|0|12106,1|0|0|0|0|12106,16|1089,52|0|0|393,44|199,76|920,06|12,1|60,52|
|C110|000001||
|C110|000008||
|C110|000002||
|C110|000012||
|C110|000003||
|C110|000009||
|C110|000010||
|C110|000004||
|C110|000011||
|C110|000013||
|C110|000005||
|C190|351|5101|18|8066,26|7812,4|703,1|0|0|0|253,9||
|C190|551|5101|18|4433,28|4293,76|386,42|0|0|0|139,54||
|C100|1|0|C0000001937|55|00|002|213494|31231002258243000400550020002134941453635029|12102023|12102023|8479,48|1|0|0|8212,56|0|0|0|0|8212,6|739,12|0|0|266,92|135,52|624,16|8,2|41,08|
|C110|000001||
|C110|000008||
|C110|000012||
|C110|000003||
|C110|000009||
|C110|000010||
|C110|000011||
|C110|000013||
|C110|000005||
|C190|351|5101|18|3182,42|3082,28|277,4|0|0|0|100,18||
|C190|551|5101|18|5297,06|5130,32|461,72|0|0|0|166,74||
|C100|1|0|C0000001937|55|00|002|213495|31231002258243000400550020002134951355895090|12102023|12102023|14839,52|1|0|0|14372,42|0|0|0|0|14372,52|1293,52|0|0|467,1|237,14|1092,3|14,38|71,86|
|C110|000001||
|C110|000008||
|C110|000002||
|C110|000012||
|C110|000003||
|C110|000009||
|C110|000010||
|C110|000004||
|C110|000011||
|C110|000013||
|C110|000005||
|C190|351|5101|18|9100,16|8813,76|793,22|0|0|0|286,44||
|C190|551|5101|18|5739,36|5558,76|500,3|0|0|0|180,66||
|C100|1|0|C0000001937|55|00|002|213496|31231002258243000400550020002134961087657863|12102023|12102023|14537,18|1|0|0|14079,6|0|0|0|0|14079,72|1267,16|0|0|457,58|232,3|1070,06|14,1|70,4|
|C110|000001||
|C110|000008||
|C110|000002||
|C110|000012||
|C110|000003||
|C110|000006||
|C110|000007||
|C110|000009||
|C110|000010||
|C110|000004||
|C110|000011||
|C110|000013||
|C110|000005||
|C190|351|5101|18|9664,42|9360,28|842,4|0|0|0|304,2||
|C190|551|5101|18|4872,76|4719,44|424,76|0|0|0|153,38||
|C100|1|0|C0000001937|55|00|002|213497|31231002258243000400550020002134971937921501|12102023|12102023|9339,62|1|0|0|9045,64|0|0|0|0|9045,76|814,12|0|0|293,98|149,26|687,48|9,06|45,26|
|C110|000001||
|C110|000008||
|C110|000002||
|C110|000012||
|C110|000003||
|C110|000006||
|C110|000007||
|C110|000009||
|C110|000010||
|C110|000004||
|C110|000011||
|C110|000013||
|C110|000005||
|C190|351|5101|18|5361,5|5192,8|467,34|0|0|0|168,76||
|C190|551|5101|18|3978,12|3852,96|346,78|0|0|0|125,22||
|C100|1|0|C0000001937|55|00|002|213498|31231002258243000400550020002134981908561150|12102023|12102023|11680,02|1|0|0|11312,38|0|0|0|0|11312,48|1018,14|0|0|367,64|186,64|859,74|11,3|56,56|
|C110|000001||
|C110|000008||
|C110|000002||
|C110|000012||
|C110|000003||
|C110|000009||
|C110|000010||
|C110|000004||
|C110|000011||
|C110|000013||
|C110|000005||
|C190|351|5101|18|6680,98|6470,72|582,38|0|0|0|210,3||
|C190|551|5101|18|4999,04|4841,76|435,76|0|0|0|157,34||
|C100|1|0|C0000001937|55|00|002|213499|31231002258243000400550020002134991919485910|12102023|12102023|12378,16|1|0|0|11988,54|0|0|0|0|11988,6|1078,98|0|0|389,62|197,8|911,12|12|59,94|
|C110|000001||
|C110|000008||
|C110|000002||
|C110|000012||
|C110|000003||
|C110|000009||
|C110|000010||
|C110|000004||
|C110|000011||
|C110|000013||
|C110|000005||
|C190|351|5101|18|6200,26|6005,12|540,46|0|0|0|195,16||
|C190|551|5101|18|6177,9|5983,48|538,52|0|0|0|194,46||
|C100|1|0|C0000001937|55|00|002|213500|31231002258243000400550020002135001335547072|12102023|12102023|10686,14|1|0|0|10349,78|0|0|0|0|10349,84|931,48|0|0|336,36|170,76|786,58|10,36|51,76|
|C110|000001||
|C110|000008||
|C110|000002||
|C110|000003||
|C110|000006||
|C110|000007||
|C110|000009||
|C110|000010||
|C110|000004||
|C110|000011||
|C110|000005||
|C190|351|5101|18|7634,38|7394,12|665,48|0|0|0|240,3||
|C190|551|5101|18|3051,76|2955,72|266|0|0|0|96,06||
|C100|1|0|C0000001937|55|00|002|213501|31231002258243000400550020002135011711860450|12102023|12102023|21989,56|1|0|0|21297,4|0|0|0|0|21297,48|1916,78|0|0|692,16|351,42|1618,62|21,32|106,48|
|C110|000001||
|C110|000008||
|C110|000002||
|C110|000012||
|C110|000003||
|C110|000006||
|C110|000007||
|C110|000009||
|C110|000010||
|C110|000004||
|C110|000011||
|C110|000013||
|C110|000005||
|C190|351|5101|18|16216,9|15706,48|1413,58|0|0|0|510,46||
|C190|551|5101|18|5772,66|5591|503,2|0|0|0|181,7||
|C100|1|0|C0000001937|55|00|002|213502|31231002258243000400550020002135021902618561|12102023|12102023|16607,44|1|0|0|16084,7|0|0|0|0|16084,72|1447,6|0|0|522,74|265,4|1222,42|16,08|80,4|
|C110|000001||
|C110|000008||
|C110|000002||
|C110|000003||
|C110|000009||
|C110|000010||
|C110|000004||
|C110|000011||
|C110|000005||
|C190|351|5101|18|11496,26|11134,4|1002,08|0|0|0|361,86||
|C190|551|5101|18|5111,18|4950,32|445,52|0|0|0|160,88||
|C100|1|0|C0000001937|55|00|002|213503|31231002258243000400550020002135031422019661|12102023|12102023|14785,5|1|0|0|14320,12|0|0|0|0|14320,2|1288,82|0|0|465,38|236,28|1088,34|14,32|71,62|
|C110|000001||
|C110|000008||
|C110|000002||
|C110|000003||
|C110|000009||
|C110|000010||
|C110|000004||
|C110|000011||
|C110|000005||
|C190|351|5101|18|11570,64|11206,48|1008,58|0|0|0|364,2||
|C190|551|5101|18|3214,86|3113,72|280,24|0|0|0|101,18||
|C100|1|0|C0000001937|55|00|002|213504|31231002258243000400550020002135041495614486|12102023|12102023|14572|1|0|0|14113,32|0|0|0|0|14113,4|1270,2|0|0|458,68|232,88|1072,6|14,14|70,56|
|C110|000001||
|C110|000008||
|C110|000002||
|C110|000012||
|C110|000003||
|C110|000006||
|C110|000007||
|C110|000009||
|C110|000010||
|C110|000004||
|C110|000011||
|C110|000013||
|C110|000005||
|C190|351|5101|18|8496,46|8229,04|740,6|0|0|0|267,44||
|C190|551|5101|18|6075,54|5884,36|529,6|0|0|0|191,24||
|C100|1|0|C0000001937|55|00|002|213505|31231002258243000400550020002135051180801538|12102023|12102023|15847,18|1|0|0|15348,36|0|0|0|0|15348,44|1381,36|0|0|498,82|253,26|1166,46|15,36|76,74|
|C110|000001||
|C110|000008||
|C110|000002||
|C110|000012||
|C110|000003||
|C110|000009||
|C110|000010||
|C110|000004||
|C110|000011||
|C110|000013||
|C110|000005||
|C190|351|5101|18|10218,96|9897,32|890,76|0|0|0|321,66||
|C190|551|5101|18|5628,22|5451,12|490,6|0|0|0|177,16||
|C100|1|0|C0000001937|55|00|002|213506|31231002258243000400550020002135061307504988|12102023|12102023|13616,82|1|0|0|13188,24|0|0|0|0|13188,32|1186,98|0|0|428,58|217,62|1002,3|13,18|65,92|
|C110|000001||
|C110|000008||
|C110|000002||
|C110|000012||
|C110|000003||
|C110|000006||
|C110|000007||
|C110|000009||
|C110|000010||
|C110|000004||
|C110|000011||
|C110|000013||
|C110|000005||
|C190|351|5101|18|8589,72|8319,4|748,76|0|0|0|270,36||
|C190|551|5101|18|5027,1|4868,92|438,22|0|0|0|158,22||
|C100|1|0|C0000001937|55|00|002|213507|31231002258243000400550020002135071238651210|12102023|12102023|11099|1|0|0|10749,66|0|0|0|0|10749,72|967,48|0|0|349,34|177,38|816,98|10,76|53,74|
|C110|000001||
|C110|000008||
|C110|000012||
|C110|000003||
|C110|000006||
|C110|000007||
|C110|000009||
|C110|000010||
|C110|000011||
|C110|000013||
|C110|000005||
|C110|000002||
|C110|000004||
|C190|351|5101|18|9114,6|8827,76|794,5|0|0|0|286,88||
|C190|551|5101|18|1984,4|1921,96|172,98|0|0|0|62,46||
|C100|1|0|C0000001937|55|00|002|213508|31231002258243000400550020002135081584053640|12102023|12102023|7998,38|1|0|0|7746,62|0|0|0|0|7746,72|697,2|0|0|251,76|127,82|588,74|7,76|38,74|
|C110|000001||
|C110|000008||
|C110|000012||
|C110|000003||
|C110|000006||
|C110|000007||
|C110|000009||
|C110|000010||
|C110|000011||
|C110|000013||
|C110|000005||
|C110|000002||
|C110|000004||
|C190|351|5101|18|5878,58|5693,6|512,42|0|0|0|185,04||
|C190|551|5101|18|2119,8|2053,12|184,78|0|0|0|66,72||
|C100|1|0|C0000001937|55|00|002|213509|31231002258243000400550020002135091223554390|12102023|12102023|4044,92|1|0|0|3917,6|0|0|0|0|3917,68|352,58|0|0|127,32|64,66|297,72|3,92|19,6|
|C110|000001||
|C110|000008||
|C110|000003||
|C110|000006||
|C110|000007||
|C110|000009||
|C110|000010||
|C110|000011||
|C110|000005||
|C110|000002||
|C110|000004||
|C190|351|5101|18|3467,2|3358,12|302,22|0|0|0|109,14||
|C190|551|5101|18|577,72|559,56|50,36|0|0|0|18,18||
|C100|1|0|C0000001937|55|00|002|213510|31231002258243000400550020002135101858525330|12102023|12102023|7252,32|1|0|0|7024,04|0|0|0|0|7024,08|632,14|0|0|228,28|115,92|533,84|7,02|35,12|
|C110|000001||
|C110|000008||
|C110|000012||
|C110|000003||
|C110|000009||
|C110|000010||
|C110|000011||
|C110|000013||
|C110|000005||
|C110|000002||
|C110|000004||
|C190|351|5101|18|4191,86|4059,96|365,38|0|0|0|131,94||
|C190|551|5101|18|3060,46|2964,12|266,76|0|0|0|96,34||
|C100|1|0|C0000001937|55|00|002|213511|31231002258243000400550020002135111898318197|12102023|12102023|14303,28|1|0|0|13853,06|0|0|0|0|13853,16|1246,78|0|0|450,22|228,58|1052,84|13,84|69,26|
|C110|000001||
|C110|000008||
|C110|000012||
|C110|000003||
|C110|000006||
|C110|000007||
|C110|000009||
|C110|000010||
|C110|000011||
|C110|000013||
|C110|000005||
|C110|000002||
|C110|000004||
|C190|351|5101|18|11158,76|10807,56|972,68|0|0|0|351,24||
|C190|551|5101|18|3144,52|3045,6|274,1|0|0|0|98,98||
|C100|1|0|C0000001937|55|00|002|213557|31231002258243000400550020002135571017570863|18102023|18102023|22182,7|1|0|0|21484,46|0|0|0|0|21484,48|1933,6|0|0|698,24|354,5|1632,82|21,5|107,44|
|C110|000001||
|C110|000008||
|C110|000009||
|C110|000002||
|C110|000012||
|C110|000003||
|C110|000010||
|C110|000004||
|C110|000011||
|C110|000013||
|C110|000005||
|C190|351|5101|18|16214,92|15704,56|1413,42|0|0|0|510,38||
|C190|551|5101|18|5967,78|5779,92|520,18|0|0|0|187,86||
|C100|1|0|C0000001937|55|00|002|213512|31231002258243000400550020002135121653909459|16102023|16102023|15225,42|1|0|0|14746,16|0|0|0|0|14746,2|1327,18|0|0|479,26|243,3|1120,72|14,74|73,72|
|C110|000001||
|C110|000008||
|C110|000012||
|C110|000003||
|C110|000006||
|C110|000007||
|C110|000009||
|C110|000010||
|C110|000011||
|C110|000013||
|C110|000005||
|C110|000002||
|C110|000004||
|C190|351|5101|18|11036,52|10689,12|962,04|0|0|0|347,4||
|C190|551|5101|18|4188,9|4057,08|365,14|0|0|0|131,86||
|C100|1|0|C0000001937|55|00|002|213513|31231002258243000400550020002135131489668137|16102023|16102023|15430,46|1|0|0|14944,74|0|0|0|0|14944,76|1345,04|0|0|485,72|246,6|1135,8|14,96|74,7|
|C110|000001||
|C110|000008||
|C110|000012||
|C110|000003||
|C110|000006||
|C110|000007||
|C110|000009||
|C110|000010||
|C110|000011||
|C110|000013||
|C110|000005||
|C110|000002||
|C110|000004||
|C190|351|5101|18|12166,92|11783,96|1060,56|0|0|0|382,98||
|C190|551|5101|18|3263,54|3160,8|284,48|0|0|0|102,74||
|C100|0|1|B00310001|55|00|002|326438|41231002258243000150550020003264381315531046|13102023|16102023|14562,6|2|0|0|14562,6|1|0|0|0|14562,6|1747,51|0|0|0|0|0|0|0|
|C110|000014||
|C170|1|C63447-106|Acion.vid jan ES-MA-OE-RE-AN-LL-341__-N|520|PÇ|14562,6|0|0|500|2151|2151/AA|14562,6|12|1747,51|0|0|0|0|05||0|0|0|98|0|0|0|0|0|98|0|0|0|0|0||0|
|C190|500|2151|12|14562,6|14562,6|1747,51|0|0|0|0||
|C100|0|1|B00310001|55|00|002|326439|41231002258243000150550020003264391313231867|13102023|16102023|109620,47|2|0|0|109620,47|1|0|0|0|109620,47|4384,82|0|0|0|0|0|0|0|
|C110|000014||
|C170|1|C63442-106|Acion.vid jan ES-EL-OE-LI-AN-LL-341__-N|1320|PÇ|79335,17|0|0|300|2151|2151/AA|79335,17|4|3173,41|0|0|0|0|05||0|0|0|98|0|0|0|0|0|98|0|0|0|0|0||0|
|C170|2|E47182-104|Acion.vid jan ES-EL-OE-LI-AN-LL-341__-N|480|PÇ|30285,3|0|0|300|2151|2151/AA|30285,3|4|1211,41|0|0|0|0|05||0|0|0|98|0|0|0|0|0|98|0|0|0|0|0||0|
|C190|300|2151|4|109620,47|109620,47|4384,82|0|0|0|0||
|C100|0|1|B00310001|55|00|002|326440|41231002258243000150550020003264401558394441|13102023|16102023|80726,67|2|0|0|80726,67|1|0|0|0|80726,67|3229,07|0|0|0|0|0|0|0|
|C110|000014||
|C170|1|C63443-106|Acion.vid jan ES-EL-OE-RE-AN-LL-341__-N|1320|PÇ|80726,67|0|0|300|2151|2151/AA|80726,67|4|3229,07|0|0|0|0|05||0|0|0|98|0|0|0|0|0|98|0|0|0|0|0||0|
|C190|300|2151|4|80726,67|80726,67|3229,07|0|0|0|0||
|C100|0|1|B00310001|55|00|002|326441|41231002258243000150550020003264411441198798|13102023|16102023|12169,54|2|0|0|12169,54|1|0|0|0|12169,54|1460,34|0|0|0|0|0|0|0|
|C110|000014||
|C170|1|E46965-102|Acion.vid jan ES-EL-OE-RE-AN-LL-X6H__-N|120|PÇ|6083,84|0|0|500|2151|2151/AA|6083,84|12|730,06|0|0|0|0|05||0|0|0|98|0|0|0|0|0|98|0|0|0|0|0||0|
|C170|2|E46966-102|Acion.vid jan ES-EL-OE-LI-AN-LL-X6H__-N|120|PÇ|6085,7|0|0|500|2151|2151/AA|6085,7|12|730,28|0|0|0|0|05||0|0|0|98|0|0|0|0|0|98|0|0|0|0|0||0|
|C190|500|2151|12|12169,54|12169,54|1460,34|0|0|0|0||
|C100|0|1|B00310001|55|00|002|326442|41231002258243000150550020003264421824738784|13102023|16102023|3879,8|2|0|0|3879,8|1|0|0|0|3879,8|465,58|0|0|0|0|0|0|0|
|C110|000014||
|C170|1|E46969-102|Acion.vid jan ES-MA-NA-RE-OA-LL-199__-N|160|PÇ|3879,8|0|0|500|2151|2151/AA|3879,8|12|465,58|0|0|0|0|05||0|0|0|98|0|0|0|0|0|98|0|0|0|0|0||0|
|C190|500|2151|12|3879,8|3879,8|465,58|0|0|0|0||
|C100|0|1|B00310001|55|00|002|326443|41231002258243000150550020003264431988984300|13102023|16102023|22926,26|2|0|0|22926,26|1|0|0|0|22926,26|917,05|0|0|0|0|0|0|0|
|C110|000014||
|C170|1|E47181-104|Acion.vid jan ES-EL-OE-RE-AN-LL-341__-N|360|PÇ|22926,26|0|0|300|2151|2151/AA|22926,26|4|917,05|0|0|0|0|05||0|0|0|98|0|0|0|0|0|98|0|0|0|0|0||0|
|C190|300|2151|4|22926,26|22926,26|917,05|0|0|0|0||
|C100|0|1|B00310001|55|00|002|326444|41231002258243000150550020003264441091641096|13102023|16102023|18193,91|2|0|0|18193,91|1|0|0|0|18193,91|2183,27|0|0|0|0|0|0|0|
|C110|000014||
|C170|1|E46962-103|Acion.vid jan ES-EL-OE-LI-AN-LL-199__-N|360|PÇ|18193,91|0|0|500|2151|2151/AA|18193,91|12|2183,27|0|0|0|0|05||0|0|0|98|0|0|0|0|0|98|0|0|0|0|0||0|
|C190|500|2151|12|18193,91|18193,91|2183,27|0|0|0|0||
|C100|0|1|B00310001|55|00|002|326445|41231002258243000150550020003264451895557644|13102023|16102023|6073,23|2|0|0|6073,23|1|0|0|0|6073,23|728,79|0|0|0|0|0|0|0|
|C110|000014||
|C170|1|E46961-103|Acion.vid jan ES-EL-OE-RE-AN-LL-199__-N|120|PÇ|6073,23|0|0|500|2151|2151/AA|6073,23|12|728,79|0|0|0|0|05||0|0|0|98|0|0|0|0|0|98|0|0|0|0|0||0|
|C190|500|2151|12|6073,23|6073,23|728,79|0|0|0|0||
|C100|0|1|B00310001|55|00|002|326446|41231002258243000150550020003264461924794219|13102023|16102023|3880,91|2|0|0|3880,91|1|0|0|0|3880,91|465,71|0|0|0|0|0|0|0|
|C110|000014||
|C170|1|E46970-102|Acion.vid jan ES-MA-NA-LI-OA-LL-199__-N|160|PÇ|3880,91|0|0|500|2151|2151/AA|3880,91|12|465,71|0|0|0|0|05||0|0|0|98|0|0|0|0|0|98|0|0|0|0|0||0|
|C190|500|2151|12|3880,91|3880,91|465,71|0|0|0|0||
|C100|0|1|B00310001|55|00|002|326448|41231002258243000150550020003264481344352797|13102023|16102023|11595,08|2|0|0|11595,08|1|0|0|0|11595,08|1391,41|0|0|0|0|0|0|0|
|C110|000014||
|C170|1|C63446-106|Acion.vid jan ES-MA-OE-LI-AN-LL-341__-N|410|PÇ|11595,08|0|0|500|2151|2151/AA|11595,08|12|1391,41|0|0|0|0|05||0|0|0|98|0|0|0|0|0|98|0|0|0|0|0||0|
|C190|500|2151|12|11595,08|11595,08|1391,41|0|0|0|0||
|C100|0|1|V0002000031|55|00|002|326447|41231002258243000150550020003264471423793535|13102023|16102023|34850|2|0|0|34850|0|0|0|0|0|0|0|0|0|0|0|0|0|
|C110|000015||
|C110|000014||
|C170|1|3044J2-000|GLT FOR-KLBE-M-KU-___-1.200-1.000- 975|41|PÇ|34850|0|0|040|2920|2920/AA|0|0|0|0|0|0|0|05||0|0|0|98|0|0|0|0|0|98|0|0|0|0|0||0|
|C190|040|2920|0|34850|0|0|0|0|0|0||
|C100|1|0|C0000001937|55|00|002|213514|31231002258243000400550020002135141797252176|16102023|16102023|17443,76|1|0|0|16894,66|0|0|0|0|16894,72|1520,52|0|0|549,1|278,78|1283,98|16,92|84,46|
|C110|000001||
|C110|000008||
|C110|000012||
|C110|000003||
|C110|000009||
|C110|000010||
|C110|000011||
|C110|000013||
|C110|000005||
|C110|000002||
|C110|000004||
|C190|351|5101|18|14286,84|13837,16|1245,34|0|0|0|449,72||
|C190|551|5101|18|3156,92|3057,56|275,18|0|0|0|99,38||
|C100|1|0|C0001000031|55|00|002|213515|31231002258243000400550020002135151180024562|16102023|16102023|107100|0|0|0|107100|1|0|0|0|0|0|0|0|0|1767,15|8139,6|0|0|
|C110|000016||
|C110|000017||
|C110|000018||
|C110|000019||
|C190|040|6920|0|107100|0|0|0|0|0|0||
|C100|1|0|C0000001937|55|00|002|213516|31231002258243000400550020002135161506567030|16102023|16102023|18598,62|1|0|0|18013,22|0|0|0|0|18013,32|1621,2|0|0|585,4|297,2|1369,02|18|90,06|
|C110|000001||
|C110|000008||
|C110|000012||
|C110|000009||
|C110|000010||
|C110|000011||
|C110|000013||
|C110|000003||
|C110|000005||
|C110|000002||
|C110|000004||
|C190|351|5101|18|14715,82|14252,68|1282,72|0|0|0|463,2||
|C190|551|5101|18|3882,8|3760,64|338,48|0|0|0|122,2||
|C100|1|0|C0000001937|55|00|002|213517|31231002258243000400550020002135176631369548|16102023|16102023|14277,04|1|0|0|13827,64|0|0|0|0|13827,68|1244,48|0|0|449,4|228,16|1050,9|13,86|69,14|
|C110|000001||
|C110|000008||
|C110|000012||
|C110|000009||
|C110|000010||
|C110|000011||
|C110|000013||
|C110|000002||
|C110|000003||
|C110|000004||
|C110|000005||
|C190|351|5101|18|8823,48|8545,76|769,1|0|0|0|277,74||
|C190|551|5101|18|5453,56|5281,92|475,38|0|0|0|171,66||
|C100|1|0|C0000001937|55|00|002|213518|31231002258243000400550020002135186846583630|16102023|16102023|15194,42|1|0|0|14716,14|0|0|0|0|14716,24|1324,42|0|0|478,28|242,82|1118,42|14,74|73,58|
|C110|000001||
|C110|000008||
|C110|000012||
|C110|000009||
|C110|000010||
|C110|000011||
|C110|000013||
|C110|000002||
|C110|000003||
|C110|000004||
|C110|000005||
|C190|351|5101|18|8887,36|8607,64|774,66|0|0|0|279,76||
|C190|551|5101|18|6307,06|6108,6|549,76|0|0|0|198,52||
|C100|1|0|C0000001937|55|00|002|213519|31231002258243000400550020002135194517004836|16102023|16102023|16683,76|1|0|0|16158,58|0|0|0|0|16158,68|1454,28|0|0|525,18|266,62|1228,02|16,18|80,8|
|C110|000001||
|C110|000008||
|C110|000009||
|C110|000010||
|C110|000011||
|C110|000002||
|C110|000012||
|C110|000003||
|C110|000004||
|C110|000013||
|C110|000005||
|C190|351|5101|18|9821,4|9512,28|856,1|0|0|0|309,16||
|C190|551|5101|18|6862,36|6646,4|598,18|0|0|0|216,02||
|C100|1|0|C0000001937|55|00|002|213521|31231002258243000400550020002135214038037457|16102023|16102023|13684,22|1|0|0|13253,5|0|0|0|0|13253,6|1192,84|0|0|430,72|218,68|1007,26|13,26|66,26|
|C110|000001||
|C110|000008||
|C110|000006||
|C110|000007||
|C110|000009||
|C110|000010||
|C110|000011||
|C110|000002||
|C110|000012||
|C110|000003||
|C110|000004||
|C110|000013||
|C110|000005||
|C190|351|5101|18|7542,14|7304,8|657,44|0|0|0|237,38||
|C190|551|5101|18|6142,08|5948,8|535,4|0|0|0|193,34||
|C100|1|0|C0000001937|55|00|002|213520|31231002258243000400550020002135204295065347|16102023|16102023|17570,18|1|0|0|17017,12|0|0|0|0|17017,16|1531,56|0|0|553,06|280,76|1293,3|17|85,08|
|C110|000001||
|C110|000008||
|C110|000009||
|C110|000010||
|C110|000011||
|C110|000002||
|C110|000012||
|C110|000003||
|C110|000004||
|C110|000013||
|C110|000005||
|C190|351|5101|18|10441,22|10112,56|910,14|0|0|0|328,66||
|C190|551|5101|18|7128,96|6904,6|621,42|0|0|0|224,4||
|C100|1|0|C0000001937|55|00|002|213522|31231002258243000400550020002135221613861540|16102023|16102023|12621,4|1|0|0|12224,12|0|0|0|0|12224,2|1100,16|0|0|397,28|201,68|929,04|12,22|61,12|
|C110|000001||
|C110|000008||
|C110|000006||
|C110|000007||
|C110|000009||
|C110|000010||
|C110|000011||
|C110|000002||
|C110|000003||
|C110|000004||
|C110|000005||
|C190|351|5101|18|6179,38|5984,92|538,64|0|0|0|194,5||
|C190|551|5101|18|6442,02|6239,28|561,52|0|0|0|202,78||
|C100|1|0|C0000001937|55|00|002|213523|31231002258243000400550020002135231159788593|16102023|16102023|15449,18|1|0|0|14962,88|0|0|0|0|14962,96|1346,66|0|0|486,3|246,88|1137,2|14,96|74,82|
|C110|000001||
|C110|000008||
|C110|000006||
|C110|000007||
|C110|000009||
|C110|000010||
|C110|000011||
|C110|000002||
|C110|000012||
|C110|000003||
|C110|000004||
|C110|000013||
|C110|000005||
|C190|351|5101|18|9829,96|9520,56|856,86|0|0|0|309,42||
|C190|551|5101|18|5619,22|5442,4|489,8|0|0|0|176,88||
|C100|1|0|C0000001937|55|00|002|213524|31231002258243000400550020002135241495601247|16102023|16102023|15805,66|1|0|0|15308,16|0|0|0|0|15308,2|1377,74|0|0|497,5|252,58|1163,42|15,32|76,54|
|C110|000001||
|C110|000008||
|C110|000006||
|C110|000007||
|C110|000009||
|C110|000002||
|C110|000012||
|C110|000003||
|C110|000010||
|C110|000004||
|C110|000011||
|C110|000013||
|C110|000005||
|C190|351|5101|18|11377,9|11019,8|991,78|0|0|0|358,14||
|C190|551|5101|18|4427,76|4288,4|385,96|0|0|0|139,36||
|C100|1|0|C0000001937|55|00|002|213525|31231002258243000400550020002135251739849096|16102023|16102023|14228,22|1|0|0|13780,34|0|0|0|0|13780,4|1240,22|0|0|447,88|227,4|1047,32|13,78|68,88|
|C110|000001||
|C110|000009||
|C110|000008||
|C110|000002||
|C110|000003||
|C110|000010||
|C110|000004||
|C110|000011||
|C110|000005||
|C110|000012||
|C110|000013||
|C190|351|5101|18|9885,02|9573,88|861,64|0|0|0|311,16||
|C190|551|5101|18|4343,2|4206,52|378,58|0|0|0|136,72||
|C100|1|0|C0000001937|55|00|002|213526|31231002258243000400550020002135261672038510|16102023|16102023|13296,3|1|0|0|12877,78|0|0|0|0|12877,84|1159,02|0|0|418,52|212,46|978,72|12,88|64,4|
|C110|000001||
|C110|000009||
|C110|000008||
|C110|000002||
|C110|000003||
|C110|000010||
|C110|000004||
|C110|000011||
|C110|000005||
|C110|000012||
|C110|000013||
|C190|351|5101|18|9106,92|8820,28|793,84|0|0|0|286,66||
|C190|551|5101|18|4189,38|4057,56|365,18|0|0|0|131,86||
|C100|1|0|C0000001937|55|00|002|213527|31231002258243000400550020002135271892765868|16102023|16102023|15545,82|1|0|0|15056,46|0|0|0|0|15056,56|1355,08|0|0|489,36|248,42|1144,28|15,06|75,3|
|C110|000001||
|C110|000006||
|C110|000007||
|C110|000009||
|C110|000008||
|C110|000002||
|C110|000003||
|C110|000010||
|C110|000004||
|C110|000011||
|C110|000005||
|C110|000012||
|C110|000013||
|C190|351|5101|18|10214,72|9893,24|890,38|0|0|0|321,54||
|C190|551|5101|18|5331,1|5163,32|464,7|0|0|0|167,82||
|C100|1|0|C0000001937|55|00|002|213528|31231002258243000400550020002135281292158925|16102023|16102023|14480,2|1|0|0|14024,4|0|0|0|0|14024,52|1262,22|0|0|455,8|231,38|1065,84|14,02|70,12|
|C110|000001||
|C110|000009||
|C110|000008||
|C110|000002||
|C110|000003||
|C110|000010||
|C110|000004||
|C110|000011||
|C110|000005||
|C110|000012||
|C110|000013||
|C190|351|5101|18|8428,82|8163,56|734,74|0|0|0|265,32||
|C190|551|5101|18|6051,38|5860,96|527,48|0|0|0|190,48||
|C100|1|0|C0000001937|55|00|002|213529|31231002258243000400550020002135291751226604|16102023|16102023|10675,9|1|0|0|10339,84|0|0|0|0|10339,88|930,6|0|0|336,06|170,6|785,84|10,34|51,68|
|C110|000001||
|C110|000006||
|C110|000007||
|C110|000009||
|C110|000008||
|C110|000002||
|C110|000003||
|C110|000010||
|C110|000004||
|C110|000011||
|C110|000005||
|C110|000012||
|C110|000013||
|C190|351|5101|18|7107,32|6883,64|619,54|0|0|0|223,72||
|C190|551|5101|18|3568,58|3456,24|311,06|0|0|0|112,34||
|C100|1|0|C0000001937|55|00|002|213530|31231002258243000400550020002135301744268578|16102023|16102023|19393,74|1|0|0|18783,26|0|0|0|0|18783,32|1690,52|0|0|610,48|309,94|1427,52|18,76|93,92|
|C110|000001||
|C110|000006||
|C110|000007||
|C110|000009||
|C110|000008||
|C110|000002||
|C110|000003||
|C110|000010||
|C110|000004||
|C110|000011||
|C110|000005||
|C110|000012||
|C110|000013||
|C190|351|5101|18|12892,26|12486,48|1123,8|0|0|0|405,82||
|C190|551|5101|18|6501,48|6296,84|566,72|0|0|0|204,66||
|C100|1|0|C0000001937|55|00|002|213531|31231002258243000400550020002135311109568060|16102023|16102023|7129,42|1|0|0|6905|0|0|0|0|6905,04|621,46|0|0|224,42|113,92|524,78|6,9|34,54|
|C110|000001||
|C110|000008||
|C110|000002||
|C110|000003||
|C110|000009||
|C110|000004||
|C110|000005||
|C190|351|5101|18|7129,42|6905,04|621,46|0|0|0|224,42||
|C100|1|0|C0000001937|55|00|002|213532|31231002258243000400550020002135321982718249|16102023|16102023|12719,36|1|0|0|12318,98|0|0|0|0|12319,04|1108,72|0|0|400,38|203,26|936,22|12,34|61,6|
|C110|000001||
|C110|000008||
|C110|000002||
|C110|000003||
|C110|000009||
|C110|000010||
|C110|000004||
|C110|000011||
|C110|000005||
|C110|000012||
|C110|000013||
|C190|351|5101|18|9032,36|8748,08|787,34|0|0|0|284,32||
|C190|551|5101|18|3687|3570,96|321,38|0|0|0|116,06||
|C100|1|0|C0000001937|55|00|002|213533|31231002258243000400550020002135331274536875|16102023|16102023|10075,2|1|0|0|9758,08|0|0|0|0|9758,12|878,22|0|0|317,12|161|741,62|9,76|48,78|
|C110|000001||
|C110|000006||
|C110|000007||
|C110|000008||
|C110|000002||
|C110|000003||
|C110|000009||
|C110|000010||
|C110|000004||
|C110|000011||
|C110|000005||
|C110|000012||
|C110|000013||
|C190|351|5101|18|6575,34|6368,4|573,14|0|0|0|206,96||
|C190|551|5101|18|3499,86|3389,72|305,08|0|0|0|110,16||
|C100|1|0|C0000001937|55|00|002|213534|31231002258243000400550020002135341008378225|16102023|16102023|7562,26|1|0|0|7324,26|0|0|0|0|7324,32|659,22|0|0|238|120,84|556,62|7,34|36,64|
|C110|000001||
|C110|000006||
|C110|000007||
|C110|000008||
|C110|000002||
|C110|000003||
|C110|000009||
|C110|000010||
|C110|000004||
|C110|000011||
|C110|000005||
|C110|000012||
|C110|000013||
|C190|351|5101|18|4271,06|4136,68|372,32|0|0|0|134,42||
|C190|551|5101|18|3291,2|3187,64|286,9|0|0|0|103,58||
|C100|1|0|C0000001937|55|00|002|213535|31231002258243000400550020002135356968396984|17102023|17102023|14949,14|1|0|0|14478,6|0|0|0|0|14478,68|1303,06|0|0|470,54|238,88|1100,4|14,48|72,4|
|C110|000001||
|C110|000006||
|C110|000007||
|C110|000008||
|C110|000002||
|C110|000003||
|C110|000009||
|C110|000010||
|C110|000004||
|C110|000011||
|C110|000005||
|C110|000012||
|C110|000013||
|C190|351|5101|18|10558,78|10226,48|920,38|0|0|0|332,34||
|C190|551|5101|18|4390,36|4252,2|382,68|0|0|0|138,2||
|C100|1|0|C0000001937|55|00|002|213536|31231002258243000400550020002135366319897599|17102023|17102023|14714,26|1|0|0|14251,12|0|0|0|0|14251,2|1282,6|0|0|463,14|235,12|1083,08|14,26|71,26|
|C110|000001||
|C110|000008||
|C110|000002||
|C110|000003||
|C110|000009||
|C110|000010||
|C110|000004||
|C110|000011||
|C110|000005||
|C110|000012||
|C110|000013||
|C190|351|5101|18|10836,08|10495,04|944,54|0|0|0|341,08||
|C190|551|5101|18|3878,18|3756,16|338,06|0|0|0|122,06||
|C100|1|0|C0000001937|55|00|002|213538|31231002258243000400550020002135384499161470|17102023|17102023|16628,86|1|0|0|16105,42|0|0|0|0|16105,48|1449,5|0|0|523,44|265,76|1224,02|16,1|80,52|
|C110|000001||
|C110|000008||
|C110|000002||
|C110|000009||
|C110|000010||
|C110|000004||
|C110|000011||
|C110|000003||
|C110|000005||
|C110|000012||
|C110|000013||
|C190|351|5101|18|12285,66|11898,96|1070,92|0|0|0|386,72||
|C190|551|5101|18|4343,2|4206,52|378,58|0|0|0|136,72||
|C100|1|0|C0000001937|55|00|002|213537|31231002258243000400550020002135374726975344|17102023|17102023|16782|1|0|0|16253,76|0|0|0|0|16253,84|1462,88|0|0|528,24|268,18|1235,28|16,24|81,24|
|C110|000001||
|C110|000006||
|C110|000007||
|C110|000008||
|C110|000002||
|C110|000009||
|C110|000010||
|C110|000004||
|C110|000011||
|C110|000005||
|C110|000012||
|C110|000003||
|C110|000013||
|C190|351|5101|18|11579,1|11214,68|1009,34|0|0|0|364,46||
|C190|551|5101|18|5202,9|5039,16|453,54|0|0|0|163,78||
|C100|1|0|C0000001937|55|00|002|213539|31231002258243000400550020002135394473399957|17102023|17102023|14167,18|1|0|0|13721,24|0|0|0|0|13721,28|1234,92|0|0|445,94|226,4|1042,8|13,76|68,6|
|C110|000001||
|C110|000008||
|C110|000002||
|C110|000009||
|C110|000010||
|C110|000004||
|C110|000011||
|C110|000003||
|C110|000005||
|C110|000012||
|C110|000013||
|C190|351|5101|18|9332,86|9039,12|813,52|0|0|0|293,76||
|C190|551|5101|18|4834,32|4682,16|421,4|0|0|0|152,18||
|C100|1|0|C0000001937|55|00|002|213540|31231002258243000400550020002135404509253931|17102023|17102023|22694,4|1|0|0|21980,06|0|0|0|0|21980,12|1978,22|0|0|714,34|362,68|1670,52|21,98|109,9|
|C110|000001||
|C110|000006||
|C110|000007||
|C110|000008||
|C110|000009||
|C110|000010||
|C110|000011||
|C110|000002||
|C110|000003||
|C110|000004||
|C110|000005||
|C110|000012||
|C110|000013||
|C190|351|5101|18|18191,78|17619,2|1585,74|0|0|0|572,62||
|C190|551|5101|18|4502,62|4360,92|392,48|0|0|0|141,72||
|C100|1|0|C0000001937|55|00|002|213541|31231002258243000400550020002135411446661879|17102023|17102023|20101,72|1|0|0|19468,98|0|0|0|0|19469,04|1752,2|0|0|632,74|321,22|1479,64|19,46|97,34|
|C110|000001||
|C110|000006||
|C110|000007||
|C110|000008||
|C110|000009||
|C110|000010||
|C110|000011||
|C110|000002||
|C110|000003||
|C110|000004||
|C110|000005||
|C110|000012||
|C110|000013||
|C190|351|5101|18|9483,72|9185,24|826,66|0|0|0|298,52||
|C190|551|5101|18|10618|10283,8|925,54|0|0|0|334,22||
|C100|1|0|C0000001937|55|00|002|213558|31231002258243000400550020002135581527547135|18102023|18102023|22005,36|1|0|0|21312,7|0|0|0|0|21312,8|1918,14|0|0|692,66|351,68|1619,76|21,3|106,56|
|C110|000001||
|C110|000008||
|C110|000009||
|C110|000002||
|C110|000012||
|C110|000003||
|C110|000010||
|C110|000004||
|C110|000011||
|C110|000013||
|C110|000005||
|C110|000006||
|C110|000007||
|C190|351|5101|18|18030,82|17463,32|1571,68|0|0|0|567,56||
|C190|551|5101|18|3974,54|3849,48|346,46|0|0|0|125,1||
|C100|1|0|C0000001937|55|00|002|213559|31231002258243000400550020002135591158169442|18102023|18102023|20272,18|1|0|0|19634,06|0|0|0|0|19634,16|1767,08|0|0|638,12|323,96|1492,2|19,66|98,18|
|C110|000001||
|C110|000008||
|C110|000009||
|C110|000002||
|C110|000003||
|C110|000010||
|C110|000004||
|C110|000011||
|C110|000005||
|C110|000012||
|C110|000013||
|C190|351|5101|18|11736,54|11367,16|1023,04|0|0|0|369,44||
|C190|551|5101|18|8535,64|8267|744,04|0|0|0|268,68||
|C100|1|0|C0000001937|55|00|002|213560|31231002258243000400550020002135601332455990|18102023|18102023|6409,36|1|0|0|6207,6|0|0|0|0|6207,64|558,68|0|0|201,76|102,42|471,78|6,2|31,04|
|C110|000001||
|C110|000008||
|C110|000002||
|C110|000003||
|C110|000009||
|C110|000004||
|C110|000005||
|C190|351|5101|18|6409,36|6207,64|558,68|0|0|0|201,76||
|C100|1|0|C0000001937|55|00|002|213561|31231002258243000400550020002135611370243985|18102023|18102023|14209,2|1|0|0|13761,92|0|0|0|0|13762|1238,58|0|0|447,28|227,08|1045,9|13,76|68,82|
|C110|000001||
|C110|000008||
|C110|000002||
|C110|000003||
|C110|000009||
|C110|000010||
|C110|000004||
|C110|000011||
|C110|000005||
|C110|000012||
|C110|000013||
|C190|351|5101|18|7917,94|7668,72|690,18|0|0|0|249,24||
|C190|551|5101|18|6291,26|6093,28|548,4|0|0|0|198,04||
|C100|1|0|C0000001937|55|00|002|213562|31231002258243000400550020002135621021939795|18102023|18102023|13521,6|1|0|0|13095,98|0|0|0|0|13096,04|1178,64|0|0|425,62|216,08|995,28|13,1|65,48|
|C110|000001||
|C110|000008||
|C110|000002||
|C110|000003||
|C110|000009||
|C110|000010||
|C110|000004||
|C110|000011||
|C110|000005||
|C110|000012||
|C110|000013||
|C190|351|5101|18|7726,6|7483,4|673,5|0|0|0|243,22||
|C190|551|5101|18|5795|5612,64|505,14|0|0|0|182,4||
|C100|1|0|C0000001937|55|00|002|213563|31231002258243000400550020002135631096403628|18102023|18102023|16627,38|1|0|0|16103,98|0|0|0|0|16104,04|1449,38|0|0|523,4|265,72|1223,92|16,08|80,52|
|C110|000001||
|C110|000008||
|C110|000002||
|C110|000003||
|C110|000009||
|C110|000010||
|C110|000004||
|C110|000011||
|C110|000005||
|C110|000012||
|C110|000006||
|C110|000007||
|C110|000013||
|C190|351|5101|18|10865,68|10523,68|947,16|0|0|0|342,02||
|C190|551|5101|18|5761,7|5580,36|502,22|0|0|0|181,38||
|C100|1|0|C0000001937|55|00|002|213564|31231002258243000400550020002135641624776647|18102023|18102023|15727,2|1|0|0|15232,16|0|0|0|0|15232,2|1370,9|0|0|495,04|251,32|1157,66|15,24|76,18|
|C110|000001||
|C110|000008||
|C110|000002||
|C110|000003||
|C110|000009||
|C110|000010||
|C110|000004||
|C110|000011||
|C110|000005||
|C110|000012||
|C110|000013||
|C190|351|5101|18|9605,64|9303,28|837,3|0|0|0|302,36||
|C190|551|5101|18|6121,56|5928,92|533,6|0|0|0|192,68||
|C100|1|0|C0000001937|55|00|002|213565|31231002258243000400550020002135651684763417|18102023|18102023|14762,84|1|0|0|14298,16|0|0|0|0|14298,2|1286,84|0|0|464,68|235,92|1086,64|14,28|71,48|
|C110|000001||
|C110|000008||
|C110|000002||
|C110|000003||
|C110|000009||
|C110|000010||
|C110|000004||
|C110|000011||
|C110|000005||
|C110|000012||
|C110|000006||
|C110|000007||
|C110|000013||
|C190|351|5101|18|8754,06|8478,52|763,08|0|0|0|275,54||
|C190|551|5101|18|6008,78|5819,68|523,76|0|0|0|189,14||
|C100|1|0|C0000001937|55|00|002|213566|31231002258243000400550020002135661095880777|18102023|18102023|20791,82|1|0|0|20137,36|0|0|0|0|20137,44|1812,36|0|0|654,46|332,26|1530,46|20,14|100,7|
|C110|000001||
|C110|000008||
|C110|000002||
|C110|000003||
|C110|000009||
|C110|000010||
|C110|000004||
|C110|000011||
|C110|000005||
|C110|000012||
|C110|000006||
|C110|000007||
|C110|000013||
|C190|351|5101|18|11221,2|10868|978,12|0|0|0|353,22||
|C190|551|5101|18|9570,62|9269,44|834,24|0|0|0|301,24||
|C100|1|0|C0000001937|55|00|002|213567|31231002258243000400550020002135671341033360|18102023|18102023|15025,3|1|0|0|14552,36|0|0|0|0|14552,48|1309,72|0|0|472,94|240,1|1106|14,56|72,74|
|C110|000001||
|C110|000008||
|C110|000002||
|C110|000003||
|C110|000009||
|C110|000010||
|C110|000004||
|C110|000011||
|C110|000005||
|C110|000012||
|C110|000006||
|C110|000007||
|C110|000013||
|C190|351|5101|18|9310,78|9017,76|811,58|0|0|0|293,08||
|C190|551|5101|18|5714,52|5534,72|498,14|0|0|0|179,86||
|C100|1|0|C0000001937|55|00|002|213568|31231002258243000400550020002135681658156586|18102023|18102023|15520,86|1|0|0|15032,32|0|0|0|0|15032,4|1352,9|0|0|488,54|248,02|1142,46|15,02|75,16|
|C110|000001||
|C110|000008||
|C110|000002||
|C110|000003||
|C110|000009||
|C110|000010||
|C110|000004||
|C110|000011||
|C110|000005||
|C110|000012||
|C110|000013||
|C110|000006||
|C110|000007||
|C190|351|5101|18|10532,24|10200,76|918,06|0|0|0|331,52||
|C190|551|5101|18|4988,62|4831,64|434,84|0|0|0|157,02||
|C100|1|0|C0000001937|55|00|002|213569|31231002258243000400550020002135691586100358|18102023|18102023|21942,86|1|0|0|21252,18|0|0|0|0|21252,24|1912,7|0|0|690,68|350,66|1615,2|21,24|106,28|
|C110|000001||
|C110|000008||
|C110|000003||
|C110|000009||
|C110|000010||
|C110|000011||
|C110|000005||
|C110|000002||
|C110|000012||
|C110|000004||
|C110|000013||
|C110|000006||
|C110|000007||
|C190|351|5101|18|17285,42|16741,36|1506,72|0|0|0|544,08||
|C190|551|5101|18|4657,44|4510,88|405,98|0|0|0|146,6||
|C100|1|0|C0000001937|55|00|002|213570|31231002258243000400550020002135701174104470|18102023|18102023|13538,4|1|0|0|13112,24|0|0|0|0|13112,28|1180,12|0|0|426,16|216,34|996,52|13,12|65,52|
|C110|000001||
|C110|000008||
|C110|000003||
|C110|000009||
|C110|000010||
|C110|000011||
|C110|000005||
|C110|000002||
|C110|000012||
|C110|000004||
|C110|000013||
|C110|000006||
|C110|000007||
|C190|351|5101|18|9243,92|8952,96|805,76|0|0|0|290,98||
|C190|551|5101|18|4294,48|4159,32|374,36|0|0|0|135,18||
|C100|1|0|C0000001937|55|00|002|213571|31231002258243000400550020002135711324514170|18102023|18102023|20719,66|1|0|0|20067,46|0|0|0|0|20067,56|1806,06|0|0|652,2|331,12|1525,14|20,06|100,34|
|C110|000001||
|C110|000008||
|C110|000003||
|C110|000009||
|C110|000010||
|C110|000011||
|C110|000005||
|C110|000002||
|C110|000012||
|C110|000004||
|C110|000013||
|C110|000006||
|C110|000007||
|C190|351|5101|18|13948|13509|1215,8|0|0|0|439,04||
|C190|551|5101|18|6771,66|6558,56|590,26|0|0|0|213,16||
|C100|1|0|C0000001937|55|00|002|213572|31231002258243000400550020002135721013319712|18102023|18102023|19435,34|1|0|0|18823,56|0|0|0|0|18823,64|1694,12|0|0|611,78|310,6|1430,6|18,84|94,14|
|C110|000001||
|C110|000008||
|C110|000003||
|C110|000009||
|C110|000010||
|C110|000011||
|C110|000005||
|C110|000002||
|C110|000012||
|C110|000004||
|C110|000013||
|C190|351|5101|18|11422,58|11063,08|995,68|0|0|0|359,56||
|C190|551|5101|18|8012,76|7760,56|698,44|0|0|0|252,22||
|C100|1|0|C0000001937|55|00|002|213573|31231002258243000400550020002135731763186961|18102023|18102023|13897,7|1|0|0|13460,2|0|0|0|0|13460,28|1211,42|0|0|437,5|222,08|1022,96|13,46|67,3|
|C110|000001||
|C110|000008||
|C110|000003||
|C110|000009||
|C110|000010||
|C110|000011||
|C110|000005||
|C110|000002||
|C110|000012||
|C110|000004||
|C110|000013||
|C190|351|5101|18|9420,68|9124,16|821,18|0|0|0|296,56||
|C190|551|5101|18|4477,02|4336,12|390,24|0|0|0|140,94||
|C100|1|0|C0000001937|55|00|002|213574|31231002258243000400550020002135741298083636|18102023|18102023|11863,8|1|0|0|11490,36|0|0|0|0|11490,44|1034,14|0|0|373,44|189,58|873,24|11,5|57,44|
|C110|000001||
|C110|000008||
|C110|000003||
|C110|000009||
|C110|000010||
|C110|000011||
|C110|000005||
|C110|000002||
|C110|000012||
|C110|000004||
|C110|000013||
|C190|351|5101|18|6740,88|6528,72|587,58|0|0|0|212,2||
|C190|551|5101|18|5122,92|4961,72|446,56|0|0|0|161,24||
|C100|1|0|C0000001937|55|00|002|213575|31231002258243000400550020002135751369859370|18102023|18102023|11718,74|1|0|0|11349,86|0|0|0|0|11349,92|1021,5|0|0|368,88|187,26|862,6|11,36|56,74|
|C110|000001||
|C110|000008||
|C110|000009||
|C110|000010||
|C110|000011||
|C110|000002||
|C110|000012||
|C110|000003||
|C110|000004||
|C110|000013||
|C110|000005||
|C190|351|5101|18|7356,12|7124,6|641,2|0|0|0|231,56||
|C190|551|5101|18|4362,62|4225,32|380,3|0|0|0|137,32||
|C100|1|0|C0000001937|55|00|002|213576|31231002258243000400550020002135761346892416|19102023|19102023|15884,58|1|0|0|15384,58|0|0|0|0|15384,68|1384,62|0|0|500|253,84|1169,26|15,38|76,94|
|C110|000001||
|C110|000008||
|C110|000009||
|C110|000010||
|C110|000011||
|C110|000002||
|C110|000012||
|C110|000003||
|C110|000004||
|C110|000013||
|C110|000005||
|C190|351|5101|18|10918|10574,4|951,7|0|0|0|343,66||
|C190|551|5101|18|4966,58|4810,28|432,92|0|0|0|156,34||
|C100|1|0|C0000001937|55|00|002|213577|31231002258243000400550020002135771071196438|19102023|19102023|15346,76|1|0|0|14863,72|0|0|0|0|14863,8|1337,76|0|0|483,04|245,24|1129,62|14,88|74,3|
|C110|000001||
|C110|000008||
|C110|000009||
|C110|000010||
|C110|000011||
|C110|000002||
|C110|000012||
|C110|000003||
|C110|000004||
|C110|000013||
|C110|000005||
|C190|351|5101|18|11474,2|11113,08|1000,18|0|0|0|361,16||
|C190|551|5101|18|3872,56|3750,72|337,58|0|0|0|121,88||
|C100|1|0|C0000001937|55|00|002|213578|31231002258243000400550020002135781591069535|19102023|19102023|17750,62|1|0|0|17191,88|0|0|0|0|17191,96|1547,28|0|0|558,74|283,66|1306,6|17,2|85,96|
|C110|000001||
|C110|000008||
|C110|000009||
|C110|000002||
|C110|000012||
|C110|000003||
|C110|000010||
|C110|000004||
|C110|000011||
|C110|000013||
|C110|000005||
|C190|351|5101|18|14240,52|13792,32|1241,3|0|0|0|448,26||
|C190|551|5101|18|3510,1|3399,64|305,98|0|0|0|110,48||
|C100|1|0|C0000001937|55|00|002|213579|31231002258243000400550020002135791315560693|19102023|19102023|16565,38|1|0|0|16043,94|0|0|0|0|16044|1443,98|0|0|521,44|264,74|1219,34|16,04|80,22|
|C110|000001||
|C110|000008||
|C110|000009||
|C110|000002||
|C110|000003||
|C110|000010||
|C110|000004||
|C110|000011||
|C110|000005||
|C110|000012||
|C110|000006||
|C110|000007||
|C110|000013||
|C190|351|5101|18|12275,52|11889,16|1070,04|0|0|0|386,4||
|C190|551|5101|18|4289,86|4154,84|373,94|0|0|0|135,04||
|C100|1|0|C0000001937|55|00|002|213580|31231002258243000400550020002135801440024662|19102023|19102023|13735,64|1|0|0|13303,3|0|0|0|0|13303,36|1197,3|0|0|432,34|219,48|1011,04|13,3|66,54|
|C110|000001||
|C110|000008||
|C110|000009||
|C110|000002||
|C110|000003||
|C110|000010||
|C110|000004||
|C110|000011||
|C110|000005||
|C110|000012||
|C110|000006||
|C110|000007||
|C110|000013||
|C190|351|5101|18|9322,74|9029,32|812,64|0|0|0|293,44||
|C190|551|5101|18|4412,9|4274,04|384,66|0|0|0|138,9||
|C100|1|0|C0000001937|55|00|002|213581|31231002258243000400550020002135811767180528|19102023|19102023|15882,72|1|0|0|15382,76|0|0|0|0|15382,8|1384,46|0|0|499,96|253,8|1169,08|15,36|76,9|
|C110|000001||
|C110|000008||
|C110|000009||
|C110|000002||
|C110|000003||
|C110|000010||
|C110|000004||
|C110|000011||
|C110|000005||
|C110|000012||
|C110|000013||
|C190|351|5101|18|10441,48|10112,8|910,16|0|0|0|328,68||
|C190|551|5101|18|5441,24|5270|474,3|0|0|0|171,28||
|C100|1|0|C0000001937|55|00|002|213582|31231002258243000400550020002135821799401144|19102023|19102023|6102,5|1|0|0|5910,4|0|0|0|0|5910,44|531,94|0|0|192,1|97,52|449,18|5,92|29,56|
|C110|000001||
|C110|000008||
|C110|000009||
|C110|000002||
|C110|000003||
|C110|000004||
|C110|000005||
|C190|351|5101|18|6102,5|5910,44|531,94|0|0|0|192,1||
|C100|1|0|C0000001937|55|00|002|213583|31231002258243000400550020002135831155275387|19102023|19102023|15563,54|1|0|0|15073,64|0|0|0|0|15073,72|1356,64|0|0|489,9|248,7|1145,58|15,06|75,36|
|C110|000001||
|C110|000008||
|C110|000009||
|C110|000002||
|C110|000003||
|C110|000010||
|C110|000004||
|C110|000011||
|C110|000005||
|C110|000012||
|C110|000006||
|C110|000007||
|C110|000013||
|C190|351|5101|18|9358,96|9064,4|815,78|0|0|0|294,6||
|C190|551|5101|18|6204,58|6009,32|540,86|0|0|0|195,3||
|C100|0|1|B00310001|55|00|002|326576|41231002258243000150550020003265761038023633|18102023|19102023|145510,76|2|0|0|145510,76|1|0|0|0|145510,76|5820,44|0|0|0|0|0|0|0|
|C110|000014||
|C170|1|C63442-106|Acion.vid jan ES-EL-OE-LI-AN-LL-341__-N|1200|PÇ|72122,88|0|0|300|2151|2151/AA|72122,88|4|2884,92|0|0|0|0|05||0|0|0|98|0|0|0|0|0|98|0|0|0|0|0||0|
|C170|2|C63443-106|Acion.vid jan ES-EL-OE-RE-AN-LL-341__-N|1200|PÇ|73387,88|0|0|300|2151|2151/AA|73387,88|4|2935,52|0|0|0|0|05||0|0|0|98|0|0|0|0|0|98|0|0|0|0|0||0|
|C190|300|2151|4|145510,76|145510,76|5820,44|0|0|0|0||
|C100|0|1|B00310001|55|00|002|326577|41231002258243000150550020003265771908399841|18102023|19102023|37998,16|2|0|0|37998,16|1|0|0|0|37998,16|1519,93|0|0|0|0|0|0|0|
|C110|000014||
|C170|1|E47181-104|Acion.vid jan ES-EL-OE-RE-AN-LL-341__-N|240|PÇ|15284,18|0|0|300|2151|2151/AA|15284,18|4|611,37|0|0|0|0|05||0|0|0|98|0|0|0|0|0|98|0|0|0|0|0||0|
|C170|2|E47182-104|Acion.vid jan ES-EL-OE-LI-AN-LL-341__-N|360|PÇ|22713,98|0|0|300|2151|2151/AA|22713,98|4|908,56|0|0|0|0|05||0|0|0|98|0|0|0|0|0|98|0|0|0|0|0||0|
|C190|300|2151|4|37998,16|37998,16|1519,93|0|0|0|0||
|C100|0|1|B00310001|55|00|002|326578|41231002258243000150550020003265781052919155|18102023|19102023|36514,23|2|0|0|36514,23|1|0|0|0|36514,23|4381,71|0|0|0|0|0|0|0|
|C110|000014||
|C170|1|E46966-102|Acion.vid jan ES-EL-OE-LI-AN-LL-X6H__-N|720|PÇ|36514,23|0|0|500|2151|2151/AA|36514,23|12|4381,71|0|0|0|0|05||0|0|0|98|0|0|0|0|0|98|0|0|0|0|0||0|
|C190|500|2151|12|36514,23|36514,23|4381,71|0|0|0|0||
|C100|0|1|B00310001|55|00|002|326579|41231002258243000150550020003265791662188461|18102023|19102023|36503,02|2|0|0|36503,02|1|0|0|0|36503,02|4380,36|0|0|0|0|0|0|0|
|C110|000014||
|C170|1|E46965-102|Acion.vid jan ES-EL-OE-RE-AN-LL-X6H__-N|720|PÇ|36503,02|0|0|500|2151|2151/AA|36503,02|12|4380,36|0|0|0|0|05||0|0|0|98|0|0|0|0|0|98|0|0|0|0|0||0|
|C190|500|2151|12|36503,02|36503,02|4380,36|0|0|0|0||
|C100|0|1|B00310001|55|00|002|326580|41231002258243000150550020003265801844171590|18102023|19102023|3880,91|2|0|0|3880,91|1|0|0|0|3880,91|465,71|0|0|0|0|0|0|0|
|C110|000014||
|C170|1|E46970-102|Acion.vid jan ES-MA-NA-LI-OA-LL-199__-N|160|PÇ|3880,91|0|0|500|2151|2151/AA|3880,91|12|465,71|0|0|0|0|05||0|0|0|98|0|0|0|0|0|98|0|0|0|0|0||0|
|C190|500|2151|12|3880,91|3880,91|465,71|0|0|0|0||
|C100|0|1|B00310001|55|00|002|326581|41231002258243000150550020003265811648302200|18102023|19102023|7759,6|2|0|0|7759,6|1|0|0|0|7759,6|931,15|0|0|0|0|0|0|0|
|C110|000014||
|C170|1|E46969-102|Acion.vid jan ES-MA-NA-RE-OA-LL-199__-N|320|PÇ|7759,6|0|0|500|2151|2151/AA|7759,6|12|931,15|0|0|0|0|05||0|0|0|98|0|0|0|0|0|98|0|0|0|0|0||0|
|C190|500|2151|12|7759,6|7759,6|931,15|0|0|0|0||
|C100|0|1|B00310001|55|00|002|326590|41231002258243000150550020003265901374567715|18102023|19102023|29268,55|2|0|0|29268,55|1|0|0|0|29268,55|3512,22|0|0|0|0|0|0|0|
|C110|000014||
|C170|1|C63446-106|Acion.vid jan ES-MA-OE-LI-AN-LL-341__-N|520|PÇ|14705,95|0|0|500|2151|2151/AA|14705,95|12|1764,71|0|0|0|0|05||0|0|0|98|0|0|0|0|0|98|0|0|0|0|0||0|
|C170|2|C63447-106|Acion.vid jan ES-MA-OE-RE-AN-LL-341__-N|520|PÇ|14562,6|0|0|500|2151|2151/AA|14562,6|12|1747,51|0|0|0|0|05||0|0|0|98|0|0|0|0|0|98|0|0|0|0|0||0|
|C190|500|2151|12|29268,55|29268,55|3512,22|0|0|0|0||
|C100|0|1|V0002000031|55|00|002|326591|41231002258243000150550020003265911717668049|18102023|19102023|37400|2|0|0|37400|0|0|0|0|0|0|0|0|0|0|0|0|0|
|C110|000015||
|C110|000014||
|C170|1|3044J2-000|GLT FOR-KLBE-M-KU-___-1.200-1.000- 975|44|PÇ|37400|0|0|040|2920|2920/AA|0|0|0|0|0|0|0|05||0|0|0|98|0|0|0|0|0|98|0|0|0|0|0||0|
|C190|040|2920|0|37400|0|0|0|0|0|0||
|C100|1|0|C0000001937|55|00|002|213584|31231002258243000400550020002135841874308120|19102023|19102023|22595,3|1|0|0|21884,06|0|0|0|0|21884,16|1969,58|0|0|711,24|361,1|1663,18|21,9|109,42|
|C110|000001||
|C110|000008||
|C110|000009||
|C110|000002||
|C110|000003||
|C110|000010||
|C110|000004||
|C110|000011||
|C110|000005||
|C110|000012||
|C110|000006||
|C110|000007||
|C110|000013||
|C190|351|5101|18|11450,78|11090,4|998,14|0|0|0|360,44||
|C190|551|5101|18|11144,52|10793,76|971,44|0|0|0|350,8||
|C100|1|0|C0000001937|55|00|002|213585|31231002258243000400550020002135851259711250|19102023|19102023|14381,86|1|0|0|13929,18|0|0|0|0|13929,28|1253,62|0|0|452,68|229,84|1058,62|13,92|69,64|
|C110|000001||
|C110|000008||
|C110|000009||
|C110|000002||
|C110|000003||
|C110|000010||
|C110|000004||
|C110|000011||
|C110|000005||
|C110|000012||
|C110|000006||
|C110|000007||
|C110|000013||
|C190|351|5101|18|8438,18|8172,64|735,52|0|0|0|265,6||
|C190|551|5101|18|5943,68|5756,64|518,1|0|0|0|187,08||
|C100|1|0|C0000001937|55|00|002|213586|31231002258243000400550020002135861752276989|19102023|19102023|13626,96|1|0|0|13198,04|0|0|0|0|13198,12|1187,82|0|0|428,92|217,78|1003,06|13,22|65,98|
|C110|000001||
|C110|000008||
|C110|000009||
|C110|000002||
|C110|000003||
|C110|000010||
|C110|000004||
|C110|000011||
|C110|000005||
|C110|000012||
|C110|000006||
|C110|000007||
|C110|000013||
|C190|351|5101|18|8953,62|8671,84|780,46|0|0|0|281,82||
|C190|551|5101|18|4673,34|4526,28|407,36|0|0|0|147,1||
|C100|1|0|C0001000031|55|00|002|213587|31231002258243000400550020002135871872596104|19102023|19102023|52700|0|0|0|52700|1|0|0|0|0|0|0|0|0|869,55|4005,2|0|0|
|C110|000016||
|C110|000017||
|C110|000018||
|C110|000019||
|C190|040|6920|0|52700|0|0|0|0|0|0||
|C100|1|0|C0000001937|55|00|002|213588|31231002258243000400550020002135881187941001|19102023|19102023|15141,04|1|0|0|14664,44|0|0|0|0|14664,52|1319,8|0|0|476,6|241,98|1114,52|14,66|73,32|
|C110|000001||
|C110|000008||
|C110|000002||
|C110|000003||
|C110|000009||
|C110|000010||
|C110|000004||
|C110|000011||
|C110|000005||
|C110|000012||
|C110|000006||
|C110|000007||
|C110|000013||
|C190|351|5101|18|10019,68|9704,32|873,38|0|0|0|315,4||
|C190|551|5101|18|5121,36|4960,2|446,42|0|0|0|161,2||
|C100|1|0|C0000001937|55|00|002|213589|31231002258243000400550020002135891148112838|19102023|19102023|15300,46|1|0|0|14818,82|0|0|0|0|14818,88|1333,68|0|0|481,64|244,5|1126,22|14,82|74,1|
|C110|000001||
|C110|000008||
|C110|000002||
|C110|000003||
|C110|000009||
|C110|000010||
|C110|000004||
|C110|000011||
|C110|000005||
|C110|000012||
|C110|000013||
|C190|351|5101|18|9884,78|9573,64|861,62|0|0|0|311,16||
|C190|551|5101|18|5415,68|5245,24|472,06|0|0|0|170,48||
|C100|1|0|C0000001937|55|00|002|213590|31231002258243000400550020002135901046385615|19102023|19102023|13914,34|1|0|0|13476,36|0|0|0|0|13476,44|1212,88|0|0|437,98|222,36|1024,18|13,48|67,38|
|C110|000001||
|C110|000008||
|C110|000002||
|C110|000003||
|C110|000009||
|C110|000010||
|C110|000004||
|C110|000011||
|C110|000005||
|C110|000012||
|C110|000006||
|C110|000007||
|C110|000013||
|C190|351|5101|18|9357,9|9063,4|815,7|0|0|0|294,56||
|C190|551|5101|18|4556,44|4413,04|397,18|0|0|0|143,42||
|C100|1|0|C0000001937|55|00|002|213591|31231002258243000400550020002135911042246715|19102023|19102023|19942,42|1|0|0|19314,68|0|0|0|0|19314,76|1738,3|0|0|627,74|318,7|1467,94|19,3|96,56|
|C110|000001||
|C110|000008||
|C110|000002||
|C110|000003||
|C110|000009||
|C110|000010||
|C110|000004||
|C110|000011||
|C110|000005||
|C110|000012||
|C110|000006||
|C110|000007||
|C110|000013||
|C190|351|5101|18|15172,18|14694,64|1322,5|0|0|0|477,58||
|C190|551|5101|18|4770,24|4620,12|415,8|0|0|0|150,16||
|C100|1|0|C0000001937|55|00|002|213592|31231002258243000400550020002135921345021300|19102023|19102023|18298,8|1|0|0|17722,8|0|0|0|0|17722,88|1595,06|0|0|576|292,4|1346,92|17,72|88,62|
|C110|000001||
|C110|000008||
|C110|000002||
|C110|000003||
|C110|000009||
|C110|000010||
|C110|000004||
|C110|000011||
|C110|000005||
|C110|000012||
|C110|000013||
|C190|351|5101|18|13672,12|13241,8|1191,76|0|0|0|430,36||
|C190|551|5101|18|4626,68|4481,08|403,3|0|0|0|145,64||
|C100|1|0|C0000001937|55|00|002|213593|31231002258243000400550020002135931038677779|19102023|19102023|20232,14|1|0|0|19595,3|0|0|0|0|19595,36|1763,58|0|0|636,84|323,3|1489,22|19,56|97,96|
|C110|000001||
|C110|000008||
|C110|000002||
|C110|000003||
|C110|000009||
|C110|000010||
|C110|000004||
|C110|000011||
|C110|000005||
|C110|000012||
|C110|000013||
|C190|351|5101|18|9774,08|9466,44|851,98|0|0|0|307,66||
|C190|551|5101|18|10458,06|10128,92|911,6|0|0|0|329,18||
|C100|1|0|C0000001937|55|00|002|213594|31231002258243000400550020002135941195083407|19102023|19102023|14205,86|1|0|0|13758,68|0|0|0|0|13758,72|1238,3|0|0|447,18|227,02|1045,64|13,76|68,8|
|C110|000001||
|C110|000008||
|C110|000003||
|C110|000009||
|C110|000010||
|C110|000011||
|C110|000005||
|C110|000002||
|C110|000012||
|C110|000004||
|C110|000013||
|C190|351|5101|18|9889,86|9578,56|862,08|0|0|0|311,32||
|C190|551|5101|18|4316|4180,16|376,22|0|0|0|135,86||
|C100|1|0|C0000001937|55|00|002|213595|31231002258243000400550020002135951624146500|19102023|19102023|9769,28|1|0|0|9461,78|0|0|0|0|9461,8|851,58|0|0|307,5|156,12|719,1|9,46|47,32|
|C110|000001||
|C110|000008||
|C110|000003||
|C110|000009||
|C110|000005||
|C110|000002||
|C110|000006||
|C110|000007||
|C110|000004||
|C190|351|5101|18|9769,28|9461,8|851,58|0|0|0|307,5||
|C100|1|0|C0000001937|55|00|002|213596|31231002258243000400550020002135961978599521|19102023|19102023|17043,34|1|0|0|16506,88|0|0|0|0|16506,96|1485,66|0|0|536,46|272,36|1254,54|16,48|82,52|
|C110|000001||
|C110|000008||
|C110|000003||
|C110|000009||
|C110|000010||
|C110|000011||
|C110|000005||
|C110|000002||
|C110|000012||
|C110|000006||
|C110|000007||
|C110|000004||
|C110|000013||
|C190|351|5101|18|11184,76|10832,72|974,96|0|0|0|352,06||
|C190|551|5101|18|5858,58|5674,24|510,7|0|0|0|184,4||
|C100|1|0|C0000001937|55|00|002|213597|31231002258243000400550020002135971900182182|19102023|19102023|12942,24|1|0|0|12534,86|0|0|0|0|12534,92|1128,12|0|0|407,38|206,84|952,66|12,54|62,68|
|C110|000001||
|C110|000008||
|C110|000003||
|C110|000009||
|C110|000010||
|C110|000011||
|C110|000005||
|C110|000002||
|C110|000012||
|C110|000006||
|C110|000007||
|C110|000004||
|C110|000013||
|C190|351|5101|18|7814,68|7568,72|681,18|0|0|0|245,98||
|C190|551|5101|18|5127,56|4966,2|446,94|0|0|0|161,4||
|C100|1|0|C0000001937|55|00|002|213598|31231002258243000400550020002135981502906374|20102023|20102023|14118,8|1|0|0|13674,36|0|0|0|0|13674,4|1230,68|0|0|444,44|225,62|1039,26|13,66|68,34|
|C110|000001||
|C110|000008||
|C110|000003||
|C110|000009||
|C110|000010||
|C110|000011||
|C110|000005||
|C110|000002||
|C110|000012||
|C110|000004||
|C110|000013||
|C190|351|5101|18|10331,3|10006,12|900,54|0|0|0|325,2||
|C190|551|5101|18|3787,5|3668,28|330,14|0|0|0|119,24||
|C100|1|0|C0000001937|55|00|002|213599|31231002258243000400550020002135991737998608|20102023|20102023|14518,9|1|0|0|14061,88|0|0|0|0|14061,92|1265,58|0|0|457,02|232|1068,72|14,06|70,32|
|C110|000001||
|C110|000008||
|C110|000003||
|C110|000009||
|C110|000010||
|C110|000011||
|C110|000005||
|C110|000002||
|C110|000006||
|C110|000007||
|C110|000004||
|C190|351|5101|18|10489,94|10159,76|914,38|0|0|0|330,2||
|C190|551|5101|18|4028,96|3902,16|351,2|0|0|0|126,82||
|C100|1|0|C0000001937|55|00|002|213600|31231002258243000400550020002136001642676649|20102023|20102023|20439,7|1|0|0|19796,34|0|0|0|0|19796,4|1781,7|0|0|643,36|326,62|1504,52|19,8|98,98|
|C110|000001||
|C110|000008||
|C110|000003||
|C110|000009||
|C110|000010||
|C110|000011||
|C110|000005||
|C110|000002||
|C110|000012||
|C110|000006||
|C110|000007||
|C110|000004||
|C110|000013||
|C190|351|5101|18|12944,74|12537,32|1128,36|0|0|0|407,46||
|C190|551|5101|18|7494,96|7259,08|653,34|0|0|0|235,9||
|C100|1|0|C0000001937|55|00|002|213601|31231002258243000400550020002136011198911978|20102023|20102023|15981,24|1|0|0|15478,2|0|0|0|0|15478,24|1393,04|0|0|503,04|255,38|1176,36|15,48|77,4|
|C110|000001||
|C110|000008||
|C110|000009||
|C110|000002||
|C110|000012||
|C110|000003||
|C110|000006||
|C110|000007||
|C110|000010||
|C110|000004||
|C110|000011||
|C110|000013||
|C110|000005||
|C190|351|5101|18|9940,12|9627,24|866,46|0|0|0|312,88||
|C190|551|5101|18|6041,12|5851|526,58|0|0|0|190,16||
|C100|1|0|C0000001937|55|00|002|213602|31231002258243000400550020002136021646023512|20102023|20102023|15816,82|1|0|0|15318,94|0|0|0|0|15319|1378,72|0|0|497,88|252,78|1164,24|15,32|76,6|
|C110|000001||
|C110|000008||
|C110|000009||
|C110|000002||
|C110|000012||
|C110|000003||
|C110|000010||
|C110|000004||
|C110|000011||
|C110|000013||
|C110|000005||
|C190|351|5101|18|12344,66|11956,12|1076,06|0|0|0|388,58||
|C190|551|5101|18|3472,16|3362,88|302,66|0|0|0|109,3||
|C100|1|0|C0000001937|55|00|002|213603|31231002258243000400550020002136031918094896|20102023|20102023|12875,96|1|0|0|12470,66|0|0|0|0|12470,72|1122,36|0|0|405,3|205,78|947,78|12,48|62,36|
|C110|000001||
|C110|000008||
|C110|000009||
|C110|000002||
|C110|000012||
|C110|000003||
|C110|000006||
|C110|000007||
|C110|000010||
|C110|000004||
|C110|000011||
|C110|000013||
|C110|000005||
|C190|351|5101|18|9617,58|9314,88|838,34|0|0|0|302,74||
|C190|551|5101|18|3258,38|3155,84|284,02|0|0|0|102,56||
|C100|0|1|C0000001937|55|00|035|73197|31231016701716000156550350000731971949990289|20102023|20102023|1756|2|0|0|1756|9|0|0|0|1755,95|316,06|0|0|0|0|0|0|0|
|C110|000015||
|C110|000022||
|C170|1|E46966-102|Acion.vid jan ES-EL-OE-LI-AN-LL-X6H__-N|3|PÇ|217,89|0|0|540|1949|1949/AA|217,9|18|39,22|0|0|0|0|05||0|0|0|98|0|0|0|0|0|98|0|0|0|0|0||0|
|C170|2|E46965-102|Acion.vid jan ES-EL-OE-RE-AN-LL-X6H__-N|2|PÇ|145,8|0|0|540|1949|1949/AA|145,8|18|26,24|0|0|0|0|05||0|0|0|98|0|0|0|0|0|98|0|0|0|0|0||0|
|C170|3|E46962-102|Acion.vid jan ES-EL-OE-LI-AN-LL-199__-N|3|PÇ|220,8|0|0|540|1949|1949/AA|220,79|18|39,74|0|0|0|0|05||0|0|0|98|0|0|0|0|0|98|0|0|0|0|0||0|
|C170|4|E46961-102|Acion.vid jan ES-EL-OE-RE-AN-LL-199__-N|4|PÇ|294,4|0|0|540|1949|1949/AA|294,39|18|52,99|0|0|0|0|05||0|0|0|98|0|0|0|0|0|98|0|0|0|0|0||0|
|C170|5|C63443-106|Acion.vid jan ES-EL-OE-RE-AN-LL-341__-N|6|PÇ|629,88|0|0|340|1949|1949/AA|629,85|18|113,37|0|0|0|0|05||0|0|0|98|0|0|0|0|0|98|0|0|0|0|0||0|
|C170|6|E46965-101|Acion.vid jan ES-EL-OE-RE-AN-LL-X6H__-N|2|PÇ|145,28|0|0|540|1949|1949/AA|145,27|18|26,15|0|0|0|0|05||0|0|0|98|0|0|0|0|0|98|0|0|0|0|0||0|
|C170|7|E47181-101|Acion.vid jan ES-EL-OE-RE-AN-LL-341__-N|1|PÇ|101,95|0|0|540|1949|1949/AA|101,95|18|18,35|0|0|0|0|05||0|0|0|98|0|0|0|0|0|98|0|0|0|0|0||0|
|C190|340|1949|18|629,88|629,85|113,37|0|0|0|0||
|C190|540|1949|18|1126,12|1126,1|202,69|0|0|0|0||
|C100|1|0|C0000001937|55|00|002|213604|31231002258243000400550020002136041794869813|20102023|20102023|17326,64|1|0|0|16781,24|0|0|0|0|16781,32|1510,3|0|0|545,4|276,9|1275,4|16,8|83,9|
|C110|000001||
|C110|000008||
|C110|000009||
|C110|000002||
|C110|000012||
|C110|000003||
|C110|000006||
|C110|000007||
|C110|000010||
|C110|000004||
|C110|000011||
|C110|000013||
|C110|000005||
|C190|351|5101|18|14106,68|13662,68|1229,64|0|0|0|444,04||
|C190|551|5101|18|3219,96|3118,64|280,66|0|0|0|101,36||
|C100|1|0|C0000001937|55|00|002|213605|31231002258243000400550020002136051966187518|20102023|20102023|16085,08|1|0|0|15578,78|0|0|0|0|15578,88|1402,1|0|0|506,3|257,02|1183,96|15,58|77,88|
|C110|000001||
|C110|000008||
|C110|000009||
|C110|000002||
|C110|000012||
|C110|000003||
|C110|000006||
|C110|000007||
|C110|000010||
|C110|000004||
|C110|000011||
|C110|000013||
|C110|000005||
|C190|351|5101|18|10088,64|9771,12|879,4|0|0|0|317,56||
|C190|551|5101|18|5996,44|5807,76|522,7|0|0|0|188,74||
|C100|1|0|C0000001937|55|00|002|213606|31231002258243000400550020002136061906094340|20102023|20102023|22373,42|1|0|0|21669,18|0|0|0|0|21669,28|1950,24|0|0|704,24|357,54|1646,86|21,68|108,34|
|C110|000001||
|C110|000008||
|C110|000009||
|C110|000002||
|C110|000012||
|C110|000003||
|C110|000006||
|C110|000007||
|C110|000010||
|C110|000004||
|C110|000011||
|C110|000013||
|C110|000005||
|C190|351|5101|18|12386,98|11997,16|1079,74|0|0|0|389,9||
|C190|551|5101|18|9986,44|9672,12|870,5|0|0|0|314,34||
|C100|0|1|C0000001937|55|00|035|73198|31231016701716000156550350000731981296051816|20102023|20102023|73,6|2|0|0|73,6|9|0|0|0|73,6|13,25|0|0|0|0|0|0|0|
|C170|1|E46961-102|Acion.vid jan ES-EL-OE-RE-AN-LL-199__-N|1|PÇ|73,6|0|0|500|1949|1949/AA|73,6|18|13,25|0|0|0|0|49||0|0|0|98|0|0|0|0|0|98|0|0|0|0|0||0|
|C190|500|1949|18|73,6|73,6|13,25|0|0|0|0||
|C100|1|0|C0000001937|55|00|002|213607|31231002258243000400550020002136071213704625|20102023|20102023|15911,12|1|0|0|15410,3|0|0|0|0|15410,36|1386,92|0|0|500,82|254,26|1171,18|15,42|77,04|
|C110|000001||
|C110|000008||
|C110|000009||
|C110|000002||
|C110|000012||
|C110|000003||
|C110|000010||
|C110|000004||
|C110|000011||
|C110|000013||
|C110|000005||
|C110|000006||
|C110|000007||
|C190|351|5101|18|11772,52|11402|1026,18|0|0|0|370,56||
|C190|551|5101|18|4138,6|4008,36|360,74|0|0|0|130,26||
|C100|1|0|C0000001937|55|00|002|213608|31231002258243000400550020002136081317989747|20102023|20102023|16692,08|1|0|0|16166,66|0|0|0|0|16166,76|1455|0|0|525,42|266,74|1228,66|16,16|80,84|
|C110|000001||
|C110|000008||
|C110|000009||
|C110|000002||
|C110|000012||
|C110|000003||
|C110|000010||
|C110|000004||
|C110|000011||
|C110|000013||
|C110|000005||
|C190|351|5101|18|11949,54|11573,44|1041,6|0|0|0|376,14||
|C190|551|5101|18|4742,54|4593,32|413,4|0|0|0|149,28||
|C100|1|0|C0000001937|55|00|002|213609|31231002258243000400550020002136091687829822|20102023|20102023|15669,32|1|0|0|15176,08|0|0|0|0|15176,12|1365,86|0|0|493,24|250,4|1153,38|15,16|75,88|
|C110|000001||
|C110|000008||
|C110|000009||
|C110|000002||
|C110|000003||
|C110|000010||
|C110|000004||
|C110|000011||
|C110|000005||
|C110|000012||
|C110|000006||
|C110|000007||
|C110|000013||
|C190|351|5101|18|10338,22|10012,8|901,16|0|0|0|325,42||
|C190|551|5101|18|5331,1|5163,32|464,7|0|0|0|167,82||
|C100|1|0|C0000001937|55|00|002|213610|31231002258243000400550020002136101115564840|20102023|20102023|14513,64|1|0|0|14056,8|0|0|0|0|14056,88|1265,1|0|0|456,84|231,92|1068,34|14,04|70,28|
|C110|000001||
|C110|000008||
|C110|000009||
|C110|000002||
|C110|000003||
|C110|000010||
|C110|000004||
|C110|000011||
|C110|000005||
|C110|000012||
|C110|000006||
|C110|000007||
|C110|000013||
|C190|351|5101|18|9150,8|8862,8|797,64|0|0|0|288,04||
|C190|551|5101|18|5362,84|5194,08|467,46|0|0|0|168,8||
|C100|1|0|C0000001937|55|00|002|213611|31231002258243000400550020002136111356453289|20102023|20102023|15439,7|1|0|0|14953,7|0|0|0|0|14953,76|1345,84|0|0|486|246,74|1136,52|14,94|74,78|
|C110|000001||
|C110|000008||
|C110|000009||
|C110|000002||
|C110|000003||
|C110|000010||
|C110|000004||
|C110|000011||
|C110|000005||
|C110|000012||
|C110|000006||
|C110|000007||
|C110|000013||
|C190|351|5101|18|9398,58|9102,76|819,26|0|0|0|295,84||
|C190|551|5101|18|6041,12|5851|526,58|0|0|0|190,16||
|C100|1|0|C0000001937|55|00|002|213612|31231002258243000400550020002136121534808077|20102023|20102023|17279,78|1|0|0|16735,86|0|0|0|0|16735,92|1506,26|0|0|543,92|276,12|1271,96|16,72|83,66|
|C110|000001||
|C110|000008||
|C110|000002||
|C110|000003||
|C110|000009||
|C110|000010||
|C110|000004||
|C110|000011||
|C110|000005||
|C110|000012||
|C110|000006||
|C110|000007||
|C110|000013||
|C190|351|5101|18|13705,58|13274,2|1194,68|0|0|0|431,42||
|C190|551|5101|18|3574,2|3461,72|311,58|0|0|0|112,5||
|C100|1|0|C0000001937|55|00|002|213613|31231002258243000400550020002136131108906679|20102023|20102023|13167,7|1|0|0|12753,2|0|0|0|0|12753,28|1147,78|0|0|414,5|210,42|969,26|12,76|63,78|
|C110|000001||
|C110|000008||
|C110|000002||
|C110|000003||
|C110|000009||
|C110|000010||
|C110|000004||
|C110|000011||
|C110|000005||
|C110|000012||
|C110|000013||
|C190|351|5101|18|10448,06|10119,24|910,72|0|0|0|328,88||
|C190|551|5101|18|2719,64|2634,04|237,06|0|0|0|85,62||
|C100|1|0|C0000001937|55|00|002|213614|31231002258243000400550020002136141006585960|20102023|20102023|12367,48|1|0|0|11978,16|0|0|0|0|11978,2|1078,02|0|0|389,32|197,64|910,34|11,98|59,88|
|C110|000001||
|C110|000008||
|C110|000002||
|C110|000003||
|C110|000009||
|C110|000010||
|C110|000004||
|C110|000011||
|C110|000005||
|C110|000012||
|C110|000013||
|C190|351|5101|18|8718,92|8444,48|760|0|0|0|274,46||
|C190|551|5101|18|3648,56|3533,72|318,02|0|0|0|114,86||
|C100|1|0|C0000001937|55|00|002|213615|31231002258243000400550020002136151242387359|20102023|20102023|12566,38|1|0|0|12170,82|0|0|0|0|12170,88|1095,4|0|0|395,56|200,8|924,98|12,18|60,86|
|C110|000001||
|C110|000008||
|C110|000002||
|C110|000003||
|C110|000009||
|C110|000010||
|C110|000004||
|C110|000011||
|C110|000005||
|C110|000006||
|C110|000007||
|C190|351|5101|18|8105,26|7850,16|706,52|0|0|0|255,14||
|C190|551|5101|18|4461,12|4320,72|388,88|0|0|0|140,42||
|C100|1|0|C0000001937|55|00|002|213616|31231002258243000400550020002136161494015836|20102023|20102023|12785,02|1|0|0|12382,6|0|0|0|0|12382,68|1114,44|0|0|402,42|204,3|941,1|12,38|61,9|
|C110|000001||
|C110|000008||
|C110|000002||
|C110|000003||
|C110|000009||
|C110|000010||
|C110|000004||
|C110|000011||
|C110|000005||
|C110|000012||
|C110|000006||
|C110|000007||
|C110|000013||
|C190|351|5101|18|9424,58|9128|821,52|0|0|0|296,64||
|C190|551|5101|18|3360,44|3254,68|292,92|0|0|0|105,78||
|C100|1|0|C0000001937|55|00|002|213617|31231002258243000400550020002136171800122689|20102023|20102023|19472,96|1|0|0|18860|0|0|0|0|18860,08|1697,42|0|0|612,96|311,2|1433,36|18,88|94,3|
|C110|000001||
|C110|000008||
|C110|000002||
|C110|000003||
|C110|000009||
|C110|000010||
|C110|000004||
|C110|000011||
|C110|000005||
|C110|000012||
|C110|000013||
|C190|351|5101|18|11909,82|11535|1038,14|0|0|0|374,88||
|C190|551|5101|18|7563,14|7325,08|659,28|0|0|0|238,08||
|C100|1|0|C0000001937|55|00|002|213618|31231002258243000400550020002136181746907110|20102023|20102023|11962,24|1|0|0|11585,72|0|0|0|0|11585,8|1042,7|0|0|376,52|191,18|880,52|11,58|57,92|
|C110|000001||
|C110|000008||
|C110|000002||
|C110|000003||
|C110|000009||
|C110|000010||
|C110|000004||
|C110|000011||
|C110|000005||
|C110|000012||
|C110|000013||
|C190|351|5101|18|6914,14|6696,56|602,68|0|0|0|217,62||
|C190|551|5101|18|5048,1|4889,24|440,02|0|0|0|158,9||
|C100|1|0|C0000001937|55|00|002|213619|31231002258243000400550020002136191004628919|21102023|21102023|20096,12|1|0|0|19463,56|0|0|0|0|19463,6|1751,72|0|0|632,56|321,16|1479,24|19,46|97,32|
|C110|000001||
|C110|000008||
|C110|000002||
|C110|000003||
|C110|000009||
|C110|000010||
|C110|000004||
|C110|000011||
|C110|000005||
|C110|000012||
|C110|000006||
|C110|000007||
|C110|000013||
|C190|351|5101|18|13922,78|13484,56|1213,62|0|0|0|438,24||
|C190|551|5101|18|6173,34|5979,04|538,1|0|0|0|194,32||
|C100|1|0|C0000001937|55|00|002|213620|31231002258243000400550020002136201462734694|21102023|21102023|15763,46|1|0|0|15267,28|0|0|0|0|15267,36|1374,06|0|0|496,18|251,9|1160,3|15,26|76,32|
|C110|000001||
|C110|000008||
|C110|000002||
|C110|000003||
|C110|000009||
|C110|000010||
|C110|000004||
|C110|000011||
|C110|000005||
|C110|000012||
|C110|000013||
|C190|351|5101|18|10615,48|10281,36|925,32|0|0|0|334,14||
|C190|551|5101|18|5147,98|4986|448,74|0|0|0|162,04||
|C100|1|0|C0000001937|55|00|002|213621|31231002258243000400550020002136211339000723|21102023|21102023|16362,18|1|0|0|15847,16|0|0|0|0|15847,24|1426,24|0|0|515,02|261,5|1204,38|15,84|79,24|
|C110|000001||
|C110|000008||
|C110|000002||
|C110|000003||
|C110|000009||
|C110|000010||
|C110|000004||
|C110|000011||
|C110|000005||
|C110|000012||
|C110|000006||
|C110|000007||
|C110|000013||
|C190|351|5101|18|12020,56|11642,24|1047,8|0|0|0|378,36||
|C190|551|5101|18|4341,62|4205|378,44|0|0|0|136,66||
|C100|1|0|C0000001937|55|00|002|213622|31231002258243000400550020002136221649554627|21102023|21102023|18117,24|1|0|0|17546,96|0|0|0|0|17547,04|1579,26|0|0|570,28|289,54|1333,58|17,54|87,72|
|C110|000001||
|C110|000008||
|C110|000002||
|C110|000003||
|C110|000009||
|C110|000010||
|C110|000004||
|C110|000011||
|C110|000005||
|C110|000012||
|C110|000006||
|C110|000007||
|C110|000013||
|C190|351|5101|18|12606,78|12210|1098,92|0|0|0|396,82||
|C190|551|5101|18|5510,46|5337,04|480,34|0|0|0|173,46||
|C100|1|0|C0000001937|55|00|002|213623|31231002258243000400550020002136231529671593|21102023|21102023|16887,22|1|0|0|16355,68|0|0|0|0|16355,72|1472,02|0|0|531,54|269,86|1243,06|16,36|81,76|
|C110|000001||
|C110|000008||
|C110|000002||
|C110|000003||
|C110|000009||
|C110|000010||
|C110|000004||
|C110|000011||
|C110|000005||
|C110|000012||
|C110|000006||
|C110|000007||
|C110|000013||
|C190|351|5101|18|9261,02|8969,52|807,26|0|0|0|291,5||
|C190|551|5101|18|7626,2|7386,2|664,76|0|0|0|240,04||
|C100|1|0|C0001000031|55|00|002|213624|31231002258243000400550020002136241989326757|21102023|21102023|189550|0|0|0|189550|1|0|0|0|0|0|0|0|0|3127,58|14405,8|0|0|
|C110|000016||
|C110|000017||
|C110|000018||
|C110|000019||
|C190|040|6920|0|189550|0|0|0|0|0|0||
|C100|1|0|C0000001937|55|00|002|213625|31231002258243000400550020002136251327559576|21102023|21102023|23137,56|1|0|0|22409,26|0|0|0|0|22409,32|2016,84|0|0|728,3|369,78|1703,12|22,4|112,04|
|C110|000001||
|C110|000008||
|C110|000002||
|C110|000003||
|C110|000009||
|C110|000010||
|C110|000004||
|C110|000011||
|C110|000005||
|C110|000012||
|C110|000006||
|C110|000007||
|C110|000013||
|C190|351|5101|18|17054,94|16518,12|1486,64|0|0|0|536,84||
|C190|551|5101|18|6082,62|5891,2|530,2|0|0|0|191,46||
|C100|1|0|C0000001937|55|00|002|213626|31231002258243000400550020002136261314282136|21102023|21102023|15606,22|1|0|0|15114,96|0|0|0|0|15115,04|1360,34|0|0|491,26|249,4|1148,74|15,1|75,58|
|C110|000001||
|C110|000008||
|C110|000002||
|C110|000003||
|C110|000009||
|C110|000010||
|C110|000004||
|C110|000011||
|C110|000005||
|C110|000012||
|C110|000013||
|C190|351|5101|18|10436,12|10107,68|909,68|0|0|0|328,5||
|C190|551|5101|18|5170,1|5007,36|450,66|0|0|0|162,76||
|C100|1|0|C0000001937|55|00|002|213627|31231002258243000400550020002136271979589340|21102023|21102023|15870,68|1|0|0|15371,12|0|0|0|0|15371,2|1383,4|0|0|499,56|253,62|1168,2|15,36|76,84|
|C110|000001||
|C110|000008||
|C110|000002||
|C110|000003||
|C110|000009||
|C110|000010||
|C110|000004||
|C110|000011||
|C110|000005||
|C110|000012||
|C110|000013||
|C190|351|5101|18|9472,82|9174,68|825,72|0|0|0|298,18||
|C190|551|5101|18|6397,86|6196,52|557,68|0|0|0|201,38||
|C100|1|0|C0000001937|55|00|002|213628|31231002258243000400550020002136281493622888|21102023|21102023|22567,2|1|0|0|21856,82|0|0|0|0|21856,92|1967,1|0|0|710,38|360,64|1661,1|21,84|109,28|
|C110|000001||
|C110|000008||
|C110|000002||
|C110|000003||
|C110|000009||
|C110|000010||
|C110|000004||
|C110|000011||
|C110|000005||
|C110|000012||
|C110|000013||
|C190|351|5101|18|11405,28|11046,32|994,16|0|0|0|359,02||
|C190|551|5101|18|11161,92|10810,6|972,94|0|0|0|351,36||
|C100|1|0|C0000001937|55|00|002|213629|31231002258243000400550020002136291524840986|21102023|21102023|24902,2|1|0|0|24118,34|0|0|0|0|24118,4|2170,66|0|0|783,86|397,98|1832,98|24,12|120,56|
|C110|000001||
|C110|000008||
|C110|000002||
|C110|000003||
|C110|000009||
|C110|000010||
|C110|000004||
|C110|000011||
|C110|000005||
|C110|000012||
|C110|000013||
|C190|351|5101|18|20772,76|20118,96|1810,72|0|0|0|653,86||
|C190|551|5101|18|4129,44|3999,44|359,94|0|0|0|130||
|C100|1|0|C0000001937|55|00|002|213630|31231002258243000400550020002136301838429570|21102023|21102023|21443,04|1|0|0|20768,06|0|0|0|0|20768,12|1869,12|0|0|674,98|342,64|1578,38|20,76|103,84|
|C110|000001||
|C110|000008||
|C110|000002||
|C110|000003||
|C110|000009||
|C110|000010||
|C110|000004||
|C110|000011||
|C110|000005||
|C110|000012||
|C110|000013||
|C190|351|5101|18|9948,38|9635,24|867,16|0|0|0|313,16||
|C190|551|5101|18|11494,66|11132,88|1001,96|0|0|0|361,82||
|C100|1|0|C0000001937|55|00|002|213631|31231002258243000400550020002136311715877688|21102023|21102023|21035,66|1|0|0|20373,52|0|0|0|0|20373,56|1833,62|0|0|662,14|336,14|1548,4|20,38|101,88|
|C110|000001||
|C110|000008||
|C110|000002||
|C110|000003||
|C110|000009||
|C110|000010||
|C110|000004||
|C110|000011||
|C110|000005||
|C110|000012||
|C110|000013||
|C190|351|5101|18|15278,62|14797,72|1331,78|0|0|0|480,92||
|C190|551|5101|18|5757,04|5575,84|501,84|0|0|0|181,22||
|C100|0|1|B00310001|55|00|002|326635|41231002258243000150550020003266351191607630|20102023|21102023|42686,3|2|0|0|42686,3|1|0|0|0|42686,3|5122,35|0|0|0|0|0|0|0|
|C110|000014||
|C170|1|C63444-104|Acion.vid jan ES-MA-OE-LI-AN-LL-341__-N|180|PÇ|6064,77|0|0|000|2151|2151/AA|6064,77|12|727,77|0|0|0|0|05||0|0|0|98|0|0|0|0|0|98|0|0|0|0|0||0|
|C170|2|C63446-106|Acion.vid jan ES-MA-OE-LI-AN-LL-341__-N|780|PÇ|22058,93|0|0|500|2151|2151/AA|22058,93|12|2647,07|0|0|0|0|05||0|0|0|98|0|0|0|0|0|98|0|0|0|0|0||0|
|C170|3|C63447-106|Acion.vid jan ES-MA-OE-RE-AN-LL-341__-N|520|PÇ|14562,6|0|0|500|2151|2151/AA|14562,6|12|1747,51|0|0|0|0|05||0|0|0|98|0|0|0|0|0|98|0|0|0|0|0||0|
|C190|000|2151|12|6064,77|6064,77|727,77|0|0|0|0||
|C190|500|2151|12|36621,53|36621,53|4394,58|0|0|0|0||
|C100|0|1|B00310001|55|00|002|326636|41231002258243000150550020003266361963555682|20102023|21102023|283809,21|2|0|0|283809,21|1|0|0|0|283809,21|11352,37|0|0|0|0|0|0|0|
|C110|000014||
|C170|1|C63442-106|Acion.vid jan ES-EL-OE-LI-AN-LL-341__-N|2280|PÇ|137033,46|0|0|300|2151|2151/AA|137033,46|4|5481,34|0|0|0|0|05||0|0|0|98|0|0|0|0|0|98|0|0|0|0|0||0|
|C170|2|C63443-106|Acion.vid jan ES-EL-OE-RE-AN-LL-341__-N|2400|PÇ|146775,75|0|0|300|2151|2151/AA|146775,75|4|5871,03|0|0|0|0|05||0|0|0|98|0|0|0|0|0|98|0|0|0|0|0||0|
|C190|300|2151|4|283809,21|283809,21|11352,37|0|0|0|0||
|C100|0|1|B00310001|55|00|002|326637|41231002258243000150550020003266371442806145|20102023|21102023|106493,88|2|0|0|106493,88|1|0|0|0|106493,88|4259,75|0|0|0|0|0|0|0|
|C110|000014||
|C170|1|E47181-104|Acion.vid jan ES-EL-OE-RE-AN-LL-341__-N|840|PÇ|53494,61|0|0|300|2151|2151/AA|53494,61|4|2139,78|0|0|0|0|05||0|0|0|98|0|0|0|0|0|98|0|0|0|0|0||0|
|C170|2|E47182-104|Acion.vid jan ES-EL-OE-LI-AN-LL-341__-N|840|PÇ|52999,27|0|0|300|2151|2151/AA|52999,27|4|2119,97|0|0|0|0|05||0|0|0|98|0|0|0|0|0|98|0|0|0|0|0||0|
|C190|300|2151|4|106493,88|106493,88|4259,75|0|0|0|0||
|C100|0|1|B00310001|55|00|002|326638|41231002258243000150550020003266381135271586|20102023|21102023|85186,78|2|0|0|85186,78|1|0|0|0|85186,78|10222,41|0|0|0|0|0|0|0|
|C110|000014||
|C170|1|E46965-102|Acion.vid jan ES-EL-OE-RE-AN-LL-X6H__-N|840|PÇ|42586,85|0|0|500|2151|2151/AA|42586,85|12|5110,42|0|0|0|0|05||0|0|0|98|0|0|0|0|0|98|0|0|0|0|0||0|
|C170|2|E46966-102|Acion.vid jan ES-EL-OE-LI-AN-LL-X6H__-N|840|PÇ|42599,93|0|0|500|2151|2151/AA|42599,93|12|5111,99|0|0|0|0|05||0|0|0|98|0|0|0|0|0|98|0|0|0|0|0||0|
|C190|500|2151|12|85186,78|85186,78|10222,41|0|0|0|0||
|C100|0|1|B00310001|55|00|002|326639|41231002258243000150550020003266391369814354|20102023|21102023|7761,82|2|0|0|7761,82|1|0|0|0|7761,82|931,42|0|0|0|0|0|0|0|
|C110|000014||
|C170|1|E46970-102|Acion.vid jan ES-MA-NA-LI-OA-LL-199__-N|320|PÇ|7761,82|0|0|500|2151|2151/AA|7761,82|12|931,42|0|0|0|0|05||0|0|0|98|0|0|0|0|0|98|0|0|0|0|0||0|
|C190|500|2151|12|7761,82|7761,82|931,42|0|0|0|0||
|C100|0|1|B00310001|55|00|002|326640|41231002258243000150550020003266401478611773|20102023|21102023|30348,95|2|0|0|30348,95|1|0|0|0|30348,95|3641,87|0|0|0|0|0|0|0|
|C110|000014||
|C170|1|E46961-103|Acion.vid jan ES-EL-OE-RE-AN-LL-199__-N|360|PÇ|18219,68|0|0|500|2151|2151/AA|18219,68|12|2186,36|0|0|0|0|05||0|0|0|98|0|0|0|0|0|98|0|0|0|0|0||0|
|C170|2|E46962-103|Acion.vid jan ES-EL-OE-LI-AN-LL-199__-N|240|PÇ|12129,27|0|0|500|2151|2151/AA|12129,27|12|1455,51|0|0|0|0|05||0|0|0|98|0|0|0|0|0|98|0|0|0|0|0||0|
|C190|500|2151|12|30348,95|30348,95|3641,87|0|0|0|0||
|C100|0|1|B00310001|55|00|002|326641|41231002258243000150550020003266411070273968|20102023|21102023|3879,8|2|0|0|3879,8|1|0|0|0|3879,8|465,58|0|0|0|0|0|0|0|
|C110|000014||
|C170|1|E46969-102|Acion.vid jan ES-MA-NA-RE-OA-LL-199__-N|160|PÇ|3879,8|0|0|500|2151|2151/AA|3879,8|12|465,58|0|0|0|0|05||0|0|0|98|0|0|0|0|0|98|0|0|0|0|0||0|
|C190|500|2151|12|3879,8|3879,8|465,58|0|0|0|0||
|C100|0|1|B00310001|55|00|002|326642|41231002258243000150550020003266421234426190|20102023|21102023|12123,25|2|0|0|12123,25|1|0|0|0|12123,25|1454,79|0|0|0|0|0|0|0|
|C110|000014||
|C170|1|C63445-104|Acion.vid jan ES-MA-OE-RE-AN-LL-341__-N|360|PÇ|12123,25|0|0|000|2151|2151/AA|12123,25|12|1454,79|0|0|0|0|05||0|0|0|98|0|0|0|0|0|98|0|0|0|0|0||0|
|C190|000|2151|12|12123,25|12123,25|1454,79|0|0|0|0||
|C100|0|1|V0002000031|55|00|002|326643|41231002258243000150550020003266431623558426|20102023|21102023|70550|2|0|0|70550|0|0|0|0|0|0|0|0|0|0|0|0|0|
|C110|000015||
|C110|000014||
|C170|1|3044J2-000|GLT FOR-KLBE-M-KU-___-1.200-1.000- 975|83|PÇ|70550|0|0|040|2920|2920/AA|0|0|0|0|0|0|0|05||0|0|0|98|0|0|0|0|0|98|0|0|0|0|0||0|
|C190|040|2920|0|70550|0|0|0|0|0|0||
|C100|1|0|C0000001937|55|00|002|213632|31231002258243000400550020002136321172455238|21102023|21102023|22539,44|1|0|0|21829,98|0|0|0|0|21830,08|1964,7|0|0|709,46|360,18|1659,08|21,82|109,14|
|C110|000001||
|C110|000008||
|C110|000002||
|C110|000003||
|C110|000009||
|C110|000010||
|C110|000004||
|C110|000011||
|C110|000005||
|C110|000012||
|C110|000013||
|C190|351|5101|18|13945,84|13506,92|1215,62|0|0|0|438,96||
|C190|551|5101|18|8593,6|8323,16|749,08|0|0|0|270,5||
|C100|1|0|C0000001937|55|00|002|213633|31231002258243000400550020002136331077210468|21102023|21102023|13214,26|1|0|0|12798,32|0|0|0|0|12798,4|1151,86|0|0|415,94|211,16|972,68|12,78|63,98|
|C110|000001||
|C110|000008||
|C110|000002||
|C110|000003||
|C110|000009||
|C110|000010||
|C110|000004||
|C110|000011||
|C110|000005||
|C110|000012||
|C110|000013||
|C190|351|5101|18|9832,82|9523,36|857,1|0|0|0|309,5||
|C190|551|5101|18|3381,44|3275,04|294,76|0|0|0|106,44||
|C100|1|0|C0000001937|55|00|002|213634|31231002258243000400550020002136341085952874|21102023|21102023|18503,84|1|0|0|17921,4|0|0|0|0|17921,44|1612,94|0|0|582,44|295,72|1362,02|17,92|89,58|
|C110|000001||
|C110|000008||
|C110|000002||
|C110|000003||
|C110|000009||
|C110|000010||
|C110|000004||
|C110|000011||
|C110|000005||
|C110|000012||
|C110|000013||
|C190|351|5101|18|15053,2|14579,36|1312,14|0|0|0|473,84||
|C190|551|5101|18|3450,64|3342,08|300,8|0|0|0|108,6||
|C100|1|0|C0000001937|55|00|002|213635|31231002258243000400550020002136351742478534|21102023|21102023|13815,72|1|0|0|13380,84|0|0|0|0|13380,88|1204,28|0|0|434,88|220,78|1016,98|13,38|66,9|
|C110|000001||
|C110|000008||
|C110|000002||
|C110|000003||
|C110|000009||
|C110|000010||
|C110|000004||
|C110|000011||
|C110|000005||
|C110|000006||
|C110|000007||
|C110|000012||
|C110|000013||
|C190|351|5101|18|8858,92|8580,08|772,22|0|0|0|278,86||
|C190|551|5101|18|4956,8|4800,8|432,06|0|0|0|156,02||
|C100|1|0|C0000001937|55|00|002|213636|31231002258243000400550020002136361838546880|21102023|21102023|12963,94|1|0|0|12555,88|0|0|0|0|12555,96|1130,02|0|0|408,06|207,16|954,24|12,56|62,76|
|C110|000001||
|C110|000008||
|C110|000002||
|C110|000003||
|C110|000009||
|C110|000010||
|C110|000004||
|C110|000011||
|C110|000005||
|C110|000006||
|C110|000007||
|C110|000012||
|C110|000013||
|C190|351|5101|18|8892,98|8613,12|775,16|0|0|0|279,92||
|C190|551|5101|18|4070,96|3942,84|354,86|0|0|0|128,14||
|C100|1|0|C0000001937|55|00|002|213637|31231002258243000400550020002136371429898036|21102023|21102023|13439,24|1|0|0|13016,22|0|0|0|0|13016,28|1171,46|0|0|423,02|214,76|989,26|12,98|65,06|
|C110|000001||
|C110|000008||
|C110|000002||
|C110|000003||
|C110|000009||
|C110|000010||
|C110|000004||
|C110|000011||
|C110|000005||
|C110|000006||
|C110|000007||
|C110|000012||
|C110|000013||
|C190|351|5101|18|9363,16|9068,48|816,16|0|0|0|294,72||
|C190|551|5101|18|4076,08|3947,8|355,3|0|0|0|128,3||
|C100|1|0|C0000001937|55|00|002|213638|31231002258243000400550020002136381913737115|21102023|21102023|10692,18|1|0|0|10355,62|0|0|0|0|10355,72|932,02|0|0|336,56|170,84|787,02|10,36|51,8|
|C110|000001||
|C110|000008||
|C110|000002||
|C110|000003||
|C110|000009||
|C110|000010||
|C110|000004||
|C110|000011||
|C110|000005||
|C110|000006||
|C110|000007||
|C110|000012||
|C110|000013||
|C190|351|5101|18|6546,38|6340,4|570,64|0|0|0|206,06||
|C190|551|5101|18|4145,8|4015,32|361,38|0|0|0|130,5||
|C100|1|0|C0000001937|55|00|002|213639|31231002258243000400550020002136391648293975|23102023|23102023|15999,1|1|0|0|15495,52|0|0|0|0|15495,6|1394,6|0|0|503,58|255,66|1177,66|15,5|77,48|
|C110|000001||
|C110|000008||
|C110|000002||
|C110|000003||
|C110|000009||
|C110|000010||
|C110|000004||
|C110|000011||
|C110|000005||
|C110|000012||
|C110|000013||
|C190|351|5101|18|10471,22|10141,68|912,76|0|0|0|329,6||
|C190|551|5101|18|5527,88|5353,92|481,84|0|0|0|173,98||
|C100|1|0|C0000001937|55|00|002|213640|31231002258243000400550020002136401451951934|23102023|23102023|15761,78|1|0|0|15265,64|0|0|0|0|15265,72|1373,9|0|0|496,14|251,88|1160,2|15,26|76,34|
|C110|000001||
|C110|000008||
|C110|000002||
|C110|000003||
|C110|000009||
|C110|000010||
|C110|000004||
|C110|000011||
|C110|000005||
|C110|000006||
|C110|000007||
|C110|000012||
|C110|000013||
|C190|351|5101|18|9988,84|9674,44|870,7|0|0|0|314,42||
|C190|551|5101|18|5772,94|5591,28|503,2|0|0|0|181,72||
|C100|1|0|C0000001937|55|00|002|213641|31231002258243000400550020002136411604208032|23102023|23102023|15234,8|1|0|0|14755,26|0|0|0|0|14755,32|1327,96|0|0|479,54|243,48|1121,4|14,76|73,76|
|C110|000001||
|C110|000008||
|C110|000003||
|C110|000009||
|C110|000010||
|C110|000011||
|C110|000005||
|C110|000002||
|C110|000006||
|C110|000007||
|C110|000004||
|C110|000012||
|C110|000013||
|C190|351|5101|18|11564,72|11200,76|1008,06|0|0|0|364||
|C190|551|5101|18|3670,08|3554,56|319,9|0|0|0|115,54||
|C100|1|0|C0000001937|55|00|002|213642|31231002258243000400550020002136421559495063|23102023|23102023|14750,92|1|0|0|14286,62|0|0|0|0|14286,72|1285,84|0|0|464,3|235,74|1085,8|14,28|71,42|
|C110|000001||
|C110|000008||
|C110|000003||
|C110|000009||
|C110|000010||
|C110|000011||
|C110|000005||
|C110|000002||
|C110|000006||
|C110|000007||
|C110|000004||
|C110|000012||
|C110|000013||
|C190|351|5101|18|11379,74|11021,6|991,96|0|0|0|358,2||
|C190|551|5101|18|3371,18|3265,12|293,88|0|0|0|106,1||
|C100|1|0|C0000001937|55|00|002|213643|31231002258243000400550020002136431048589930|23102023|23102023|7600,52|1|0|0|7361,26|0|0|0|0|7361,28|662,5|0|0|239,26|121,46|559,46|7,36|36,8|
|C110|000001||
|C110|000008||
|C110|000003||
|C110|000009||
|C110|000005||
|C110|000002||
|C110|000006||
|C110|000007||
|C110|000004||
|C190|351|5101|18|7600,52|7361,28|662,5|0|0|0|239,26||
|C100|1|0|C0000001937|55|00|002|213644|31231002258243000400550020002136441499069270|23102023|23102023|15043,08|1|0|0|14569,56|0|0|0|0|14569,6|1311,26|0|0|473,52|240,38|1107,28|14,56|72,84|
|C110|000001||
|C110|000008||
|C110|000003||
|C110|000009||
|C110|000010||
|C110|000011||
|C110|000005||
|C110|000002||
|C110|000004||
|C110|000006||
|C110|000007||
|C110|000012||
|C110|000013||
|C190|351|5101|18|9584,88|9283,2|835,48|0|0|0|301,7||
|C190|551|5101|18|5458,2|5286,4|475,78|0|0|0|171,82||
|C100|1|0|C0000001937|55|00|002|213645|31231002258243000400550020002136451758058919|23102023|23102023|6178,64|1|0|0|5984,16|0|0|0|0|5984,2|538,58|0|0|194,48|98,74|454,8|5,98|29,9|
|C110|000001||
|C110|000008||
|C110|000003||
|C110|000009||
|C110|000005||
|C110|000002||
|C110|000004||
|C110|000006||
|C110|000007||
|C190|351|5101|18|6178,64|5984,2|538,58|0|0|0|194,48||
|C100|1|0|C0000001937|55|00|002|213646|31231002258243000400550020002136461353976707|23102023|23102023|14114,28|1|0|0|13670|0|0|0|0|13670,08|1230,28|0|0|444,28|225,54|1038,92|13,66|68,34|
|C110|000001||
|C110|000008||
|C110|000009||
|C110|000010||
|C110|000011||
|C110|000002||
|C110|000003||
|C110|000004||
|C110|000005||
|C110|000006||
|C110|000007||
|C110|000012||
|C110|000013||
|C190|351|5101|18|7295,02|7065,44|635,86|0|0|0|229,64||
|C190|551|5101|18|6819,26|6604,64|594,42|0|0|0|214,64||
|C100|1|0|C0000001937|55|00|002|213647|31231002258243000400550020002136471419053188|23102023|23102023|23631,98|1|0|0|22888,14|0|0|0|0|22888,24|2059,94|0|0|743,84|377,62|1739,48|22,9|114,46|
|C110|000001||
|C110|000008||
|C110|000009||
|C110|000010||
|C110|000011||
|C110|000002||
|C110|000003||
|C110|000004||
|C110|000005||
|C110|000006||
|C110|000007||
|C110|000012||
|C110|000013||
|C190|351|5101|18|11835,34|11462,88|1031,66|0|0|0|372,52||
|C190|551|5101|18|11796,64|11425,36|1028,28|0|0|0|371,32||
|C100|1|0|C0000001937|55|00|002|213648|31231002258243000400550020002136481179698616|23102023|23102023|15102,06|1|0|0|14626,68|0|0|0|0|14626,76|1316,4|0|0|475,38|241,34|1111,66|14,62|73,16|
|C110|000001||
|C110|000008||
|C110|000009||
|C110|000010||
|C110|000011||
|C110|000002||
|C110|000003||
|C110|000004||
|C110|000005||
|C110|000006||
|C110|000007||
|C110|000012||
|C110|000013||
|C190|351|5101|18|9333,66|9039,88|813,6|0|0|0|293,8||
|C190|551|5101|18|5768,4|5586,88|502,8|0|0|0|181,58||
|C100|1|0|C0000001937|55|00|002|213649|31231002258243000400550020002136491070368350|23102023|23102023|21262,9|1|0|0|20593,6|0|0|0|0|20593,68|1853,42|0|0|669,3|339,8|1565,1|20,64|103|
|C110|000001||
|C110|000008||
|C110|000009||
|C110|000002||
|C110|000003||
|C110|000010||
|C110|000004||
|C110|000011||
|C110|000005||
|C110|000006||
|C110|000007||
|C110|000012||
|C110|000013||
|C190|351|5101|18|12529,88|12135,52|1092,2|0|0|0|394,42||
|C190|551|5101|18|8733,02|8458,16|761,22|0|0|0|274,88||
|C100|1|0|C0000001937|55|00|002|213650|31231002258243000400550020002136501809916070|23102023|23102023|12526,64|1|0|0|12132,34|0|0|0|0|12132,4|1091,9|0|0|394,3|200,18|922,08|12,12|60,68|
|C110|000001||
|C110|000008||
|C110|000009||
|C110|000002||
|C110|000003||
|C110|000010||
|C110|000004||
|C110|000011||
|C110|000005||
|C110|000012||
|C110|000013||
|C190|351|5101|18|8579,72|8309,68|747,86|0|0|0|270,06||
|C190|551|5101|18|3946,92|3822,72|344,04|0|0|0|124,24||
|C100|1|0|C0000001937|55|00|002|213651|31231002258243000400550020002136511236141617|23102023|23102023|14357,16|1|0|0|13905,24|0|0|0|0|13905,32|1251,48|0|0|451,92|229,42|1056,8|13,9|69,5|
|C110|000001||
|C110|000008||
|C110|000009||
|C110|000002||
|C110|000003||
|C110|000010||
|C110|000004||
|C110|000011||
|C110|000005||
|C110|000006||
|C110|000007||
|C110|000012||
|C110|000013||
|C190|351|5101|18|9342,4|9048,36|814,34|0|0|0|294,08||
|C190|551|5101|18|5014,76|4856,96|437,14|0|0|0|157,84||
|C100|1|0|C0000001937|55|00|002|213652|31231002258243000400550020002136521522670518|23102023|23102023|14419,76|1|0|0|13965,88|0|0|0|0|13965,96|1256,9|0|0|453,88|230,42|1061,42|13,96|69,82|
|C110|000001||
|C110|000008||
|C110|000009||
|C110|000002||
|C110|000003||
|C110|000010||
|C110|000004||
|C110|000011||
|C110|000005||
|C110|000006||
|C110|000007||
|C110|000012||
|C110|000013||
|C190|351|5101|18|7183,72|6957,64|626,16|0|0|0|226,12||
|C190|551|5101|18|7236,04|7008,32|630,74|0|0|0|227,76||
|C100|1|0|C0000001937|55|00|002|213653|31231002258243000400550020002136531338654375|23102023|23102023|14591,5|1|0|0|14132,18|0|0|0|0|14132,2|1271,9|0|0|459,32|233,16|1074,06|14,14|70,66|
|C110|000001||
|C110|000008||
|C110|000009||
|C110|000002||
|C110|000003||
|C110|000004||
|C110|000005||
|C110|000006||
|C110|000007||
|C190|351|5101|18|14591,5|14132,2|1271,9|0|0|0|459,32||
|C100|1|0|C0000001937|55|00|002|213654|31231002258243000400550020002136541114568863|23102023|23102023|17134,52|1|0|0|16595,18|0|0|0|0|16595,2|1493,58|0|0|539,34|273,84|1261,24|16,6|82,96|
|C110|000001||
|C110|000008||
|C110|000009||
|C110|000002||
|C110|000003||
|C110|000010||
|C110|000004||
|C110|000011||
|C110|000005||
|C110|000006||
|C110|000007||
|C110|000012||
|C110|000013||
|C190|351|5101|18|7380,84|7148,52|643,38|0|0|0|232,32||
|C190|551|5101|18|9753,68|9446,68|850,2|0|0|0|307,02||
|C100|1|0|C0000001937|55|00|002|213655|31231002258243000400550020002136551325214970|23102023|23102023|13597,02|1|0|0|13169,02|0|0|0|0|13169,12|1185,2|0|0|428|217,28|1000,84|13,16|65,84|
|C110|000001||
|C110|000008||
|C110|000009||
|C110|000002||
|C110|000003||
|C110|000010||
|C110|000004||
|C110|000011||
|C110|000005||
|C110|000006||
|C110|000007||
|C110|000012||
|C110|000013||
|C190|351|5101|18|7545,64|7308,16|657,72|0|0|0|237,52||
|C190|551|5101|18|6051,38|5860,96|527,48|0|0|0|190,48||
|C100|1|0|C0000001937|55|00|002|213656|31231002258243000400550020002136561705429126|23102023|23102023|7622,56|1|0|0|7382,64|0|0|0|0|7382,64|664,44|0|0|239,92|121,82|561,1|7,38|36,92|
|C110|000001||
|C110|000002||
|C110|000003||
|C110|000004||
|C110|000005||
|C110|000006||
|C110|000007||
|C190|351|5101|18|7622,56|7382,64|664,44|0|0|0|239,92||
|C100|1|0|C0000001937|55|00|002|213657|31231002258243000400550020002136571425949500|23102023|23102023|14076,1|1|0|0|13633,02|0|0|0|0|13633,12|1226,94|0|0|443,08|224,94|1036,12|13,64|68,16|
|C110|000001||
|C110|000008||
|C110|000009||
|C110|000002||
|C110|000003||
|C110|000010||
|C110|000004||
|C110|000011||
|C110|000005||
|C110|000012||
|C110|000013||
|C190|351|5101|18|8312,82|8051,2|724,58|0|0|0|261,66||
|C190|551|5101|18|5763,28|5581,92|502,36|0|0|0|181,42||
|C100|1|0|C0000001937|55|00|002|213658|31231002258243000400550020002136581258000715|23102023|23102023|14184,16|1|0|0|13737,66|0|0|0|0|13737,76|1236,38|0|0|446,5|226,68|1044,06|13,74|68,68|
|C110|000001||
|C110|000008||
|C110|000009||
|C110|000002||
|C110|000003||
|C110|000010||
|C110|000004||
|C110|000011||
|C110|000005||
|C110|000006||
|C110|000007||
|C110|000012||
|C110|000013||
|C190|351|5101|18|8698,74|8424,96|758,24|0|0|0|273,82||
|C190|551|5101|18|5485,42|5312,8|478,14|0|0|0|172,68||
|C100|1|0|C0000001937|55|00|002|213659|31231002258243000400550020002136591952980360|23102023|23102023|13670,14|1|0|0|13239,84|0|0|0|0|13239,88|1191,6|0|0|430,3|218,44|1006,22|13,26|66,18|
|C110|000001||
|C110|000008||
|C110|000009||
|C110|000002||
|C110|000003||
|C110|000010||
|C110|000004||
|C110|000011||
|C110|000005||
|C110|000006||
|C110|000007||
|C110|000012||
|C110|000013||
|C190|351|5101|18|7554,2|7316,4|658,48|0|0|0|237,8||
|C190|551|5101|18|6115,94|5923,48|533,12|0|0|0|192,5||
|C100|1|0|C0000001937|55|00|002|213660|31231002258243000400550020002136601843709836|23102023|23102023|18421,16|1|0|0|17841,34|0|0|0|0|17841,44|1605,72|0|0|579,82|294,38|1355,96|17,86|89,22|
|C110|000001||
|C110|000008||
|C110|000009||
|C110|000002||
|C110|000003||
|C110|000010||
|C110|000004||
|C110|000011||
|C110|000005||
|C110|000006||
|C110|000007||
|C110|000012||
|C110|000013||
|C190|351|5101|18|9886,54|9575,4|861,78|0|0|0|311,18||
|C190|551|5101|18|8534,62|8266,04|743,94|0|0|0|268,64||
|C100|1|0|C0000001937|55|00|002|213661|31231002258243000400550020002136611172662057|24102023|24102023|7733,26|1|0|0|7489,84|0|0|0|0|7489,88|674,1|0|0|243,42|123,6|569,24|7,46|37,44|
|C110|000001||
|C110|000008||
|C110|000009||
|C110|000002||
|C110|000003||
|C110|000004||
|C110|000005||
|C110|000006||
|C110|000007||
|C190|351|5101|18|7733,26|7489,88|674,1|0|0|0|243,42||
|C100|1|0|C0000001937|55|00|002|213662|31231002258243000400550020002136621040111085|24102023|24102023|15693,12|1|0|0|15199,16|0|0|0|0|15199,24|1367,92|0|0|493,96|250,76|1155,14|15,2|76|
|C110|000001||
|C110|000008||
|C110|000009||
|C110|000002||
|C110|000003||
|C110|000010||
|C110|000004||
|C110|000011||
|C110|000005||
|C110|000006||
|C110|000007||
|C110|000012||
|C110|000013||
|C190|351|5101|18|10790,64|10451,04|940,58|0|0|0|339,64||
|C190|551|5101|18|4902,48|4748,2|427,34|0|0|0|154,32||
|C100|1|0|C0000001937|55|00|002|213663|31231002258243000400550020002136631994573528|24102023|24102023|14990,28|1|0|0|14518,42|0|0|0|0|14518,48|1306,66|0|0|471,86|239,54|1103,4|14,54|72,6|
|C110|000001||
|C110|000008||
|C110|000009||
|C110|000002||
|C110|000003||
|C110|000010||
|C110|000004||
|C110|000011||
|C110|000005||
|C110|000006||
|C110|000007||
|C110|000012||
|C110|000013||
|C190|351|5101|18|11620,66|11254,88|1012,94|0|0|0|365,8||
|C190|551|5101|18|3369,62|3263,6|293,72|0|0|0|106,06||
|C100|1|0|C0000001937|55|00|002|213664|31231002258243000400550020002136641660590189|24102023|24102023|24466,56|1|0|0|23696,44|0|0|0|0|23696,56|2132,68|0|0|770,12|390,98|1800,9|23,7|118,5|
|C110|000001||
|C110|000008||
|C110|000009||
|C110|000002||
|C110|000003||
|C110|000010||
|C110|000004||
|C110|000011||
|C110|000005||
|C110|000012||
|C110|000006||
|C110|000007||
|C110|000013||
|C190|351|5101|18|17091,06|16553,16|1489,78|0|0|0|537,96||
|C190|551|5101|18|7375,5|7143,4|642,9|0|0|0|232,16||
|C100|1|0|C0000001937|55|00|002|213665|31231002258243000400550020002136651721032064|24102023|24102023|18676,48|1|0|0|18088,6|0|0|0|0|18088,68|1627,98|0|0|587,88|298,46|1374,74|18,08|90,46|
|C110|000001||
|C110|000008||
|C110|000002||
|C110|000003||
|C110|000009||
|C110|000010||
|C110|000004||
|C110|000011||
|C110|000005||
|C110|000006||
|C110|000007||
|C190|351|5101|18|15738,46|15243,12|1371,88|0|0|0|495,4||
|C190|551|5101|18|2938,02|2845,56|256,1|0|0|0|92,48||
|C100|1|0|C0000001937|55|00|002|213666|31231002258243000400550020002136661936221896|24102023|24102023|16718,16|1|0|0|16191,92|0|0|0|0|16191,96|1457,3|0|0|526,24|267,18|1230,6|16,2|80,96|
|C110|000001||
|C110|000008||
|C110|000002||
|C110|000003||
|C110|000009||
|C110|000010||
|C110|000004||
|C110|000011||
|C110|000005||
|C110|000012||
|C110|000006||
|C110|000007||
|C110|000013||
|C190|351|5101|18|13432,58|13009,8|1170,9|0|0|0|422,82||
|C190|551|5101|18|3285,58|3182,16|286,4|0|0|0|103,42||
|C100|1|0|C0000001937|55|00|002|213667|31231002258243000400550020002136671626668598|24102023|24102023|13660,98|1|0|0|13230,98|0|0|0|0|13231,08|1190,78|0|0|430|218,28|1005,58|13,22|66,16|
|C110|000001||
|C110|000008||
|C110|000002||
|C110|000003||
|C110|000009||
|C110|000010||
|C110|000004||
|C110|000011||
|C110|000005||
|C110|000012||
|C110|000006||
|C110|000007||
|C110|000013||
|C190|351|5101|18|10562,54|10230,12|920,7|0|0|0|332,48||
|C190|551|5101|18|3098,44|3000,96|270,08|0|0|0|97,52||
|C100|0|1|B00310001|55|00|002|326673|41231002258243000150550020003266731370631588|23102023|24102023|36549,85|2|0|0|36549,85|1|0|0|0|36549,85|4385,98|0|0|0|0|0|0|0|
|C110|000014||
|C170|1|C63446-106|Acion.vid jan ES-MA-OE-LI-AN-LL-341__-N|520|PÇ|14705,95|0|0|500|2151|2151/AA|14705,95|12|1764,71|0|0|0|0|05||0|0|0|98|0|0|0|0|0|98|0|0|0|0|0||0|
|C170|2|C63447-106|Acion.vid jan ES-MA-OE-RE-AN-LL-341__-N|780|PÇ|21843,9|0|0|500|2151|2151/AA|21843,9|12|2621,27|0|0|0|0|05||0|0|0|98|0|0|0|0|0|98|0|0|0|0|0||0|
|C190|500|2151|12|36549,85|36549,85|4385,98|0|0|0|0||
|C100|0|1|B00310001|55|00|002|326674|41231002258243000150550020003266741748761614|23102023|24102023|175988,23|2|0|0|175988,23|1|0|0|0|175988,23|7524,7|0|0|0|0|0|0|0|
|C110|000014||
|C170|1|C63442-106|Acion.vid jan ES-EL-OE-LI-AN-LL-341__-N|960|PÇ|57698,3|0|0|300|2151|2151/AA|57698,3|4|2307,93|0|0|0|0|05||0|0|0|98|0|0|0|0|0|98|0|0|0|0|0||0|
|C170|2|C63443-106|Acion.vid jan ES-EL-OE-RE-AN-LL-341__-N|840|PÇ|51371,51|0|0|300|2151|2151/AA|51371,51|4|2054,86|0|0|0|0|05||0|0|0|98|0|0|0|0|0|98|0|0|0|0|0||0|
|C170|3|C63444-104|Acion.vid jan ES-MA-OE-LI-AN-LL-341__-N|180|PÇ|6064,77|0|0|000|2151|2151/AA|6064,77|12|727,77|0|0|0|0|05||0|0|0|98|0|0|0|0|0|98|0|0|0|0|0||0|
|C170|4|E47181-104|Acion.vid jan ES-EL-OE-RE-AN-LL-341__-N|480|PÇ|30568,35|0|0|300|2151|2151/AA|30568,35|4|1222,73|0|0|0|0|05||0|0|0|98|0|0|0|0|0|98|0|0|0|0|0||0|
|C170|5|E47182-104|Acion.vid jan ES-EL-OE-LI-AN-LL-341__-N|480|PÇ|30285,3|0|0|300|2151|2151/AA|30285,3|4|1211,41|0|0|0|0|05||0|0|0|98|0|0|0|0|0|98|0|0|0|0|0||0|
|C190|000|2151|12|6064,77|6064,77|727,77|0|0|0|0||
|C190|300|2151|4|169923,46|169923,46|6796,93|0|0|0|0||
|C100|0|1|B00310001|55|00|002|326675|41231002258243000150550020003266751584663337|23102023|24102023|60847,7|2|0|0|60847,7|1|0|0|0|60847,7|7301,72|0|0|0|0|0|0|0|
|C110|000014||
|C170|1|E46965-102|Acion.vid jan ES-EL-OE-RE-AN-LL-X6H__-N|600|PÇ|30419,18|0|0|500|2151|2151/AA|30419,18|12|3650,3|0|0|0|0|05||0|0|0|98|0|0|0|0|0|98|0|0|0|0|0||0|
|C170|2|E46966-102|Acion.vid jan ES-EL-OE-LI-AN-LL-X6H__-N|600|PÇ|30428,52|0|0|500|2151|2151/AA|30428,52|12|3651,42|0|0|0|0|05||0|0|0|98|0|0|0|0|0|98|0|0|0|0|0||0|
|C190|500|2151|12|60847,7|60847,7|7301,72|0|0|0|0||
|C100|0|1|B00310001|55|00|002|326676|41231002258243000150550020003266761181803936|23102023|24102023|3880,91|2|0|0|3880,91|1|0|0|0|3880,91|465,71|0|0|0|0|0|0|0|
|C110|000014||
|C170|1|E46970-102|Acion.vid jan ES-MA-NA-LI-OA-LL-199__-N|160|PÇ|3880,91|0|0|500|2151|2151/AA|3880,91|12|465,71|0|0|0|0|05||0|0|0|98|0|0|0|0|0|98|0|0|0|0|0||0|
|C190|500|2151|12|3880,91|3880,91|465,71|0|0|0|0||
|C100|0|1|B00310001|55|00|002|326677|41231002258243000150550020003266771306844745|23102023|24102023|24275,72|2|0|0|24275,72|1|0|0|0|24275,72|2913,08|0|0|0|0|0|0|0|
|C110|000014||
|C170|1|E46961-103|Acion.vid jan ES-EL-OE-RE-AN-LL-199__-N|240|PÇ|12146,45|0|0|500|2151|2151/AA|12146,45|12|1457,57|0|0|0|0|05||0|0|0|98|0|0|0|0|0|98|0|0|0|0|0||0|
|C170|2|E46962-103|Acion.vid jan ES-EL-OE-LI-AN-LL-199__-N|240|PÇ|12129,27|0|0|500|2151|2151/AA|12129,27|12|1455,51|0|0|0|0|05||0|0|0|98|0|0|0|0|0|98|0|0|0|0|0||0|
|C190|500|2151|12|24275,72|24275,72|2913,08|0|0|0|0||
|C100|0|1|V0002000031|55|00|002|326678|41231002258243000150550020003266781610150933|23102023|24102023|37400|2|0|0|37400|0|0|0|0|0|0|0|0|0|0|0|0|0|
|C110|000015||
|C110|000014||
|C170|1|3044J2-000|GLT FOR-KLBE-M-KU-___-1.200-1.000- 975|44|PÇ|37400|0|0|040|2920|2920/AA|0|0|0|0|0|0|0|05||0|0|0|98|0|0|0|0|0|98|0|0|0|0|0||0|
|C190|040|2920|0|37400|0|0|0|0|0|0||
|C100|1|0|C0000001937|55|00|002|213668|31231002258243000400550020002136681662056502|24102023|24102023|13417,7|1|0|0|12995,34|0|0|0|0|12995,44|1169,6|0|0|422,36|214,44|987,64|13|64,96|
|C110|000001||
|C110|000008||
|C110|000002||
|C110|000003||
|C110|000009||
|C110|000010||
|C110|000004||
|C110|000011||
|C110|000005||
|C110|000012||
|C110|000006||
|C110|000007||
|C110|000013||
|C190|351|5101|18|8066,68|7812,8|703,16|0|0|0|253,92||
|C190|551|5101|18|5351,02|5182,64|466,44|0|0|0|168,44||
|C100|1|0|C0000001937|55|00|002|213669|31231002258243000400550020002136691784000614|24102023|24102023|16735,2|1|0|0|16208,44|0|0|0|0|16208,56|1458,78|0|0|526,76|267,44|1231,84|16,2|81,02|
|C110|000001||
|C110|000008||
|C110|000002||
|C110|000003||
|C110|000009||
|C110|000010||
|C110|000004||
|C110|000011||
|C110|000005||
|C110|000012||
|C110|000013||
|C190|351|5101|18|10552,12|10220,04|919,8|0|0|0|332,14||
|C190|551|5101|18|6183,08|5988,52|538,98|0|0|0|194,62||
|C100|1|0|C0000001937|55|00|002|213670|31231002258243000400550020002136701772212841|24102023|24102023|24485,6|1|0|0|23714,88|0|0|0|0|23714,96|2134,34|0|0|770,72|391,32|1802,32|23,7|118,56|
|C110|000001||
|C110|000008||
|C110|000002||
|C110|000003||
|C110|000009||
|C110|000010||
|C110|000004||
|C110|000011||
|C110|000005||
|C110|000012||
|C110|000006||
|C110|000007||
|C110|000013||
|C190|351|5101|18|16765,1|16237,44|1461,38|0|0|0|527,7||
|C190|551|5101|18|7720,5|7477,52|672,96|0|0|0|243,02||
|C100|1|0|C0000001937|55|00|002|213671|31231002258243000400550020002136711371710201|24102023|24102023|1525,05|2|0|0|1525,05|9|0|0|0|1525,03|274,51|0|0|0|0|0|0|0|
|C110|000020||
|C113|0|1|C0000001937|55|35||72610|29092023|31230916701716000156550350000726101748205062|
|C110|000021||
|C110|000003||
|C110|000011||
|C110|000005||
|C190|300|5949|18|1084,42|1084,4|195,19|0|0|0|0||
|C190|500|5949|18|440,63|440,63|79,32|0|0|0|0||
|C100|1|0|C0000001937|55|00|002|213672|31231002258243000400550020002136721993542547|24102023|24102023|22781,12|1|0|0|22064,06|0|0|0|0|22064,16|1985,78|0|0|717,06|364,06|1676,9|22,06|110,3|
|C110|000001||
|C110|000008||
|C110|000002||
|C110|000009||
|C110|000004||
|C110|000003||
|C110|000010||
|C110|000011||
|C110|000005||
|C110|000006||
|C110|000007||
|C110|000012||
|C110|000013||
|C190|351|5101|18|13653,38|13223,68|1190,14|0|0|0|429,74||
|C190|551|5101|18|9127,74|8840,48|795,64|0|0|0|287,32||
|C100|1|0|C0000001937|55|00|002|213673|31231002258243000400550020002136731890958977|24102023|24102023|14632,76|1|0|0|14172,14|0|0|0|0|14172,2|1275,5|0|0|460,62|233,84|1077,08|14,18|70,86|
|C110|000001||
|C110|000008||
|C110|000009||
|C110|000002||
|C110|000003||
|C110|000010||
|C110|000004||
|C110|000011||
|C110|000005||
|C110|000006||
|C110|000007||
|C110|000012||
|C110|000013||
|C190|351|5101|18|9376,52|9081,4|817,32|0|0|0|295,16||
|C190|551|5101|18|5256,24|5090,8|458,18|0|0|0|165,46||
|C100|1|0|C0000001937|55|00|002|213674|31231002258243000400550020002136741519168022|24102023|24102023|21940,76|1|0|0|21250,12|0|0|0|0|21250,2|1912,5|0|0|690,64|350,64|1614,98|21,26|106,26|
|C110|000001||
|C110|000008||
|C110|000009||
|C110|000002||
|C110|000003||
|C110|000010||
|C110|000004||
|C110|000011||
|C110|000005||
|C110|000006||
|C110|000007||
|C110|000012||
|C110|000013||
|C190|351|5101|18|17026,46|16490,56|1484,14|0|0|0|535,94||
|C190|551|5101|18|4914,3|4759,64|428,36|0|0|0|154,7||
|C100|1|0|C0000001937|55|00|002|213675|31231002258243000400550020002136751207964661|24102023|24102023|20146,02|1|0|0|19511,88|0|0|0|0|19511,92|1756,08|0|0|634,14|321,96|1482,88|19,52|97,58|
|C110|000001||
|C110|000008||
|C110|000009||
|C110|000002||
|C110|000003||
|C110|000010||
|C110|000004||
|C110|000011||
|C110|000005||
|C110|000006||
|C110|000007||
|C110|000012||
|C110|000013||
|C190|351|5101|18|16578|16056,2|1445,06|0|0|0|521,82||
|C190|551|5101|18|3568,02|3455,72|311,02|0|0|0|112,32||
|C100|1|0|C0000001937|55|00|002|213676|31231002258243000400550020002136761148559201|24102023|24102023|19921,9|1|0|0|19294,8|0|0|0|0|19294,8|1736,52|0|0|627,1|318,36|1466,4|19,32|96,46|
|C110|000001||
|C110|000008||
|C110|000009||
|C110|000002||
|C110|000003||
|C110|000010||
|C110|000004||
|C110|000011||
|C110|000005||
|C110|000006||
|C110|000007||
|C110|000012||
|C110|000013||
|C190|351|5101|18|16204,16|15694,08|1412,46|0|0|0|510,08||
|C190|551|5101|18|3717,74|3600,72|324,06|0|0|0|117,02||
|C100|1|0|C0000001937|55|00|002|213677|31231002258243000400550020002136771130498348|24102023|24102023|16975,56|1|0|0|16441,22|0|0|0|0|16441,28|1479,72|0|0|534,34|271,3|1249,54|16,44|82,2|
|C110|000001||
|C110|000008||
|C110|000009||
|C110|000002||
|C110|000003||
|C110|000010||
|C110|000004||
|C110|000011||
|C110|000005||
|C110|000006||
|C110|000007||
|C110|000012||
|C110|000013||
|C190|351|5101|18|9930,18|9617,64|865,6|0|0|0|312,58||
|C190|551|5101|18|7045,38|6823,64|614,12|0|0|0|221,76||
|C100|1|0|C0000001937|55|00|002|213678|31231002258243000400550020002136781292380846|24102023|24102023|15197,72|1|0|0|14719,34|0|0|0|0|14719,44|1324,74|0|0|478,38|242,86|1118,64|14,74|73,58|
|C110|000001||
|C110|000008||
|C110|000009||
|C110|000002||
|C110|000003||
|C110|000010||
|C110|000004||
|C110|000011||
|C110|000005||
|C110|000012||
|C110|000013||
|C190|351|5101|18|9275,6|8983,68|808,52|0|0|0|291,96||
|C190|551|5101|18|5922,12|5735,76|516,22|0|0|0|186,42||
|C100|1|0|C0000001937|55|00|002|213679|31231002258243000400550020002136791085290490|24102023|24102023|21283,38|1|0|0|20613,44|0|0|0|0|20613,56|1855,24|0|0|669,94|340,12|1566,62|20,6|103,06|
|C110|000001||
|C110|000008||
|C110|000009||
|C110|000002||
|C110|000003||
|C110|000010||
|C110|000004||
|C110|000011||
|C110|000005||
|C110|000006||
|C110|000007||
|C110|000012||
|C110|000013||
|C190|351|5101|18|12822,06|12418,52|1117,68|0|0|0|403,6||
|C190|551|5101|18|8461,32|8195,04|737,56|0|0|0|266,34||
|C100|1|0|C0000001937|55|00|002|213680|31231002258243000400550020002136801809262088|24102023|24102023|14997,46|1|0|0|14525,38|0|0|0|0|14525,44|1307,3|0|0|472,08|239,66|1103,94|14,52|72,62|
|C110|000001||
|C110|000008||
|C110|000009||
|C110|000002||
|C110|000003||
|C110|000010||
|C110|000004||
|C110|000011||
|C110|000005||
|C110|000006||
|C110|000007||
|C110|000012||
|C110|000013||
|C190|351|5101|18|10366,16|10039,88|903,6|0|0|0|326,3||
|C190|551|5101|18|4631,3|4485,56|403,7|0|0|0|145,78||
|C100|1|0|C0000001937|55|00|002|213681|31231002258243000400550020002136811903579763|24102023|24102023|16935,98|1|0|0|16402,88|0|0|0|0|16402,96|1476,26|0|0|533,1|270,64|1246,62|16,4|82,04|
|C110|000001||
|C110|000008||
|C110|000009||
|C110|000002||
|C110|000003||
|C110|000010||
|C110|000004||
|C110|000011||
|C110|000005||
|C110|000012||
|C110|000013||
|C190|351|5101|18|11172,7|10821,04|973,9|0|0|0|351,68||
|C190|551|5101|18|5763,28|5581,92|502,36|0|0|0|181,42||
|C100|1|0|C0000001937|55|00|002|213682|31231002258243000400550020002136821500118048|25102023|25102023|21298,38|1|0|0|20627,96|0|0|0|0|20628,04|1856,52|0|0|670,42|340,36|1567,72|20,64|103,16|
|C110|000001||
|C110|000008||
|C110|000009||
|C110|000002||
|C110|000003||
|C110|000010||
|C110|000004||
|C110|000011||
|C110|000005||
|C110|000012||
|C110|000006||
|C110|000007||
|C110|000013||
|C190|351|5101|18|14644,16|14183,24|1276,5|0|0|0|460,96||
|C190|551|5101|18|6654,22|6444,8|580,02|0|0|0|209,46||
|C100|1|0|C0000001937|55|00|002|213683|31231002258243000400550020002136831444929209|25102023|25102023|14589,9|1|0|0|14130,64|0|0|0|0|14130,72|1271,76|0|0|459,26|233,16|1073,92|14,16|70,64|
|C110|000001||
|C110|000008||
|C110|000009||
|C110|000002||
|C110|000003||
|C110|000010||
|C110|000004||
|C110|000011||
|C110|000005||
|C110|000012||
|C110|000006||
|C110|000007||
|C110|000013||
|C190|351|5101|18|8539,12|8270,36|744,34|0|0|0|268,8||
|C190|551|5101|18|6050,78|5860,36|527,42|0|0|0|190,46||
|C100|1|0|C0000001937|55|00|002|213684|31231002258243000400550020002136841804447143|25102023|25102023|19442,86|1|0|0|18830,86|0|0|0|0|18830,96|1694,78|0|0|612|310,7|1431,14|18,86|94,18|
|C110|000001||
|C110|000008||
|C110|000009||
|C110|000002||
|C110|000003||
|C110|000010||
|C110|000004||
|C110|000011||
|C110|000005||
|C110|000006||
|C110|000007||
|C110|000012||
|C110|000013||
|C190|351|5101|18|10672,96|10337,04|930,32|0|0|0|335,96||
|C190|551|5101|18|8769,9|8493,92|764,46|0|0|0|276,04||
|C100|1|0|C0000001937|55|00|002|213685|31231002258243000400550020002136851149788750|25102023|25102023|13786,72|1|0|0|13352,76|0|0|0|0|13352,8|1201,76|0|0|433,96|220,3|1014,8|13,36|66,76|
|C110|000001||
|C110|000008||
|C110|000009||
|C110|000002||
|C110|000003||
|C110|000010||
|C110|000004||
|C110|000011||
|C110|000005||
|C110|000006||
|C110|000007||
|C110|000012||
|C110|000013||
|C190|351|5101|18|10202,26|9881,12|889,3|0|0|0|321,14||
|C190|551|5101|18|3584,46|3471,68|312,46|0|0|0|112,82||
|C100|1|0|C0000001937|55|00|002|213686|31231002258243000400550020002136861154863711|25102023|25102023|14710,54|1|0|0|14247,5|0|0|0|0|14247,56|1282,3|0|0|463,04|235,08|1082,82|14,26|71,26|
|C110|000001||
|C110|000008||
|C110|000002||
|C110|000003||
|C110|000009||
|C110|000010||
|C110|000004||
|C110|000011||
|C110|000005||
|C110|000006||
|C110|000007||
|C110|000012||
|C110|000013||
|C190|351|5101|18|9652,2|9348,4|841,38|0|0|0|303,82||
|C190|551|5101|18|5058,34|4899,16|440,92|0|0|0|159,22||
|C100|1|0|C0000001937|55|00|002|213687|31231002258243000400550020002136871035686767|25102023|25102023|15557,84|1|0|0|15068,14|0|0|0|0|15068,2|1356,16|0|0|489,7|248,62|1145,18|15,1|75,32|
|C110|000001||
|C110|000008||
|C110|000002||
|C110|000003||
|C110|000009||
|C110|000010||
|C110|000004||
|C110|000011||
|C110|000005||
|C110|000012||
|C110|000006||
|C110|000007||
|C110|000013||
|C190|351|5101|18|12549,6|12154,6|1093,92|0|0|0|395,02||
|C190|551|5101|18|3008,24|2913,6|262,24|0|0|0|94,68||
|C100|1|0|C0000001937|55|00|002|213688|31231002258243000400550020002136881853542072|25102023|25102023|13953,04|1|0|0|13513,84|0|0|0|0|13513,92|1216,26|0|0|439,2|223|1027,06|13,52|67,56|
|C110|000001||
|C110|000008||
|C110|000002||
|C110|000003||
|C110|000009||
|C110|000010||
|C110|000004||
|C110|000011||
|C110|000005||
|C110|000012||
|C110|000006||
|C110|000007||
|C110|000013||
|C190|351|5101|18|10705,42|10368,48|933,16|0|0|0|336,98||
|C190|551|5101|18|3247,62|3145,44|283,1|0|0|0|102,22||
|C100|1|0|C0000001937|55|00|002|213689|31231002258243000400550020002136891320784547|25102023|25102023|11070,04|1|0|0|10721,58|0|0|0|0|10721,6|964,94|0|0|348,46|176,9|814,82|10,72|53,6|
|C110|000001||
|C110|000008||
|C110|000003||
|C110|000009||
|C110|000005||
|C110|000002||
|C110|000004||
|C110|000006||
|C110|000007||
|C190|351|5101|18|11070,04|10721,6|964,94|0|0|0|348,46||
|C100|1|0|C0000001937|55|00|002|213690|31231002258243000400550020002136901505320939|25102023|25102023|16510,5|1|0|0|15990,8|0|0|0|0|15990,88|1439,2|0|0|519,7|263,84|1215,32|16|79,96|
|C110|000001||
|C110|000008||
|C110|000003||
|C110|000009||
|C110|000010||
|C110|000011||
|C110|000005||
|C110|000002||
|C110|000004||
|C110|000012||
|C110|000013||
|C190|351|5101|18|11682,86|11315,16|1018,38|0|0|0|367,74||
|C190|551|5101|18|4827,64|4675,72|420,82|0|0|0|151,96||
|C100|1|0|C0000001937|55|00|002|213691|31231002258243000400550020002136911668371068|25102023|25102023|22239,84|1|0|0|21539,8|0|0|0|0|21539,88|1938,58|0|0|700,04|355,4|1637,02|21,54|107,7|
|C110|000001||
|C110|000010||
|C110|000011||
|C110|000008||
|C110|000002||
|C110|000003||
|C110|000009||
|C110|000004||
|C110|000005||
|C110|000012||
|C110|000013||
|C190|351|5101|18|11584,4|11219,8|1009,78|0|0|0|364,64||
|C190|551|5101|18|10655,44|10320,08|928,8|0|0|0|335,4||
|C100|1|0|C0000001937|55|00|002|213692|31231002258243000400550020002136921992307911|25102023|25102023|237,92|1|0|0|230,42|0|0|0|0|230,44|20,74|0|0|7,5|3,8|17,52|0,22|1,14|
|C110|000001||
|C110|000008||
|C110|000003||
|C110|000009||
|C110|000005||
|C190|351|5101|18|237,92|230,44|20,74|0|0|0|7,5||
|C100|1|0|C0000001937|55|00|002|213693|31231002258243000400550020002136931703425429|25102023|25102023|15083,54|1|0|0|14608,78|0|0|0|0|14608,84|1314,8|0|0|474,76|241,04|1110,28|14,64|73,04|
|C110|000001||
|C110|000008||
|C110|000002||
|C110|000003||
|C110|000009||
|C110|000010||
|C110|000004||
|C110|000011||
|C110|000005||
|C110|000012||
|C110|000013||
|C190|351|5101|18|12059,94|11680,36|1051,24|0|0|0|379,6||
|C190|551|5101|18|3023,6|2928,48|263,56|0|0|0|95,16||
|C100|1|0|C0000001937|55|00|002|213694|31231002258243000400550020002136941973737285|25102023|25102023|13980,6|1|0|0|13540,56|0|0|0|0|13540,6|1218,66|0|0|440,04|223,4|1029,1|13,52|67,7|
|C110|000001||
|C110|000008||
|C110|000002||
|C110|000003||
|C110|000009||
|C110|000010||
|C110|000004||
|C110|000011||
|C110|000005||
|C110|000006||
|C110|000007||
|C190|351|5101|18|10924,16|10580,36|952,24|0|0|0|343,84||
|C190|551|5101|18|3056,44|2960,24|266,42|0|0|0|96,2||
|C100|1|0|C0000001937|55|00|002|213695|31231002258243000400550020002136951660670855|25102023|25102023|19702,92|1|0|0|19082,74|0|0|0|0|19082,84|1717,48|0|0|620,18|314,88|1450,3|19,06|95,4|
|C110|000001||
|C110|000008||
|C110|000002||
|C110|000003||
|C110|000009||
|C110|000010||
|C110|000004||
|C110|000011||
|C110|000005||
|C110|000012||
|C110|000013||
|C110|000006||
|C110|000007||
|C190|351|5101|18|11652,24|11285,52|1015,7|0|0|0|366,78||
|C190|551|5101|18|8050,68|7797,32|701,78|0|0|0|253,4||
|C100|1|0|C0000001937|55|00|002|213696|31231002258243000400550020002136961808685147|25102023|25102023|13719,08|1|0|0|13287,24|0|0|0|0|13287,28|1195,86|0|0|431,84|219,22|1009,84|13,3|66,44|
|C110|000001||
|C110|000008||
|C110|000002||
|C110|000003||
|C110|000009||
|C110|000010||
|C110|000004||
|C110|000011||
|C110|000005||
|C110|000012||
|C110|000013||
|C110|000006||
|C110|000007||
|C190|351|5101|18|10295,66|9971,6|897,44|0|0|0|324,1||
|C190|551|5101|18|3423,42|3315,68|298,42|0|0|0|107,74||
|C100|1|0|C0000001937|55|00|002|213697|31231002258243000400550020002136971852324488|25102023|25102023|20411,74|1|0|0|19769,24|0|0|0|0|19769,32|1779,24|0|0|642,5|326,22|1502,46|19,76|98,84|
|C110|000001||
|C110|000008||
|C110|000002||
|C110|000003||
|C110|000009||
|C110|000010||
|C110|000004||
|C110|000011||
|C110|000005||
|C110|000012||
|C110|000013||
|C110|000006||
|C110|000007||
|C190|351|5101|18|16747,8|16220,68|1459,86|0|0|0|527,16||
|C190|551|5101|18|3663,94|3548,64|319,38|0|0|0|115,34||
|C100|1|0|C0000001937|55|00|002|213698|31231002258243000400550020002136981468451590|25102023|25102023|15045,64|1|0|0|14572,04|0|0|0|0|14572,08|1311,5|0|0|473,6|240,44|1107,48|14,58|72,86|
|C110|000001||
|C110|000008||
|C110|000002||
|C110|000003||
|C110|000009||
|C110|000010||
|C110|000004||
|C110|000011||
|C110|000005||
|C110|000012||
|C110|000013||
|C110|000006||
|C110|000007||
|C190|351|5101|18|10847,08|10505,64|945,52|0|0|0|341,44||
|C190|551|5101|18|4198,56|4066,44|365,98|0|0|0|132,16||
|C100|1|0|C0000001937|55|00|002|213699|31231002258243000400550020002136991260571271|25102023|25102023|13792,86|1|0|0|13358,7|0|0|0|0|13358,76|1202,28|0|0|434,16|220,4|1015,24|13,36|66,78|
|C110|000001||
|C110|000008||
|C110|000002||
|C110|000003||
|C110|000009||
|C110|000010||
|C110|000004||
|C110|000011||
|C110|000005||
|C110|000012||
|C110|000013||
|C110|000006||
|C110|000007||
|C190|351|5101|18|9359,46|9064,88|815,82|0|0|0|294,62||
|C190|551|5101|18|4433,4|4293,88|386,46|0|0|0|139,54||
|C100|1|0|C0000001937|55|00|002|213700|31231002258243000400550020002137001706918058|25102023|25102023|14944,74|1|0|0|14474,3|0|0|0|0|14474,36|1302,7|0|0|470,44|238,84|1100,06|14,48|72,38|
|C110|000001||
|C110|000008||
|C110|000002||
|C110|000003||
|C110|000009||
|C110|000010||
|C110|000004||
|C110|000011||
|C110|000005||
|C110|000012||
|C110|000013||
|C110|000006||
|C110|000007||
|C190|351|5101|18|9337,36|9043,48|813,92|0|0|0|293,92||
|C190|551|5101|18|5607,38|5430,88|488,78|0|0|0|176,52||
|C100|1|0|C0000001937|55|00|002|213701|31231002258243000400550020002137011291907093|25102023|25102023|13603|1|0|0|13174,84|0|0|0|0|13174,92|1185,74|0|0|428,16|217,36|1001,28|13,2|65,86|
|C110|000001||
|C110|000008||
|C110|000002||
|C110|000003||
|C110|000009||
|C110|000010||
|C110|000004||
|C110|000011||
|C110|000005||
|C110|000012||
|C110|000013||
|C110|000006||
|C110|000007||
|C190|351|5101|18|8833,86|8555,84|770,02|0|0|0|278,06||
|C190|551|5101|18|4769,14|4619,08|415,72|0|0|0|150,1||
|C100|1|0|C0000001937|55|00|002|213702|31231002258243000400550020002137021639377164|25102023|25102023|14933,4|1|0|0|14463,32|0|0|0|0|14463,36|1301,7|0|0|470,08|238,62|1099,2|14,46|72,34|
|C110|000001||
|C110|000008||
|C110|000002||
|C110|000003||
|C110|000009||
|C110|000010||
|C110|000004||
|C110|000011||
|C110|000005||
|C110|000012||
|C110|000013||
|C110|000006||
|C110|000007||
|C190|351|5101|18|10393,86|10066,68|906|0|0|0|327,18||
|C190|551|5101|18|4539,54|4396,68|395,7|0|0|0|142,9||
|C100|1|0|C0000001937|55|00|002|213703|31231002258243000400550020002137031710261752|25102023|25102023|14551,4|1|0|0|14093,36|0|0|0|0|14093,44|1268,42|0|0|458,04|232,54|1071,1|14,1|70,46|
|C110|000001||
|C110|000008||
|C110|000003||
|C110|000009||
|C110|000010||
|C110|000011||
|C110|000005||
|C110|000002||
|C110|000012||
|C110|000004||
|C110|000013||
|C110|000006||
|C110|000007||
|C190|351|5101|18|10833,14|10492,2|944,3|0|0|0|341||
|C190|551|5101|18|3718,26|3601,24|324,12|0|0|0|117,04||
|C100|1|0|C0000001937|55|00|002|213704|31231002258243000400550020002137041326023449|25102023|25102023|13832,72|1|0|0|13397,3|0|0|0|0|13397,36|1205,76|0|0|435,42|221,06|1018,2|13,4|67|
|C110|000001||
|C110|000008||
|C110|000009||
|C110|000010||
|C110|000011||
|C110|000002||
|C110|000012||
|C110|000003||
|C110|000004||
|C110|000013||
|C110|000005||
|C110|000006||
|C110|000007||
|C190|351|5101|18|9969,92|9656,12|869,04|0|0|0|313,84||
|C190|551|5101|18|3862,8|3741,24|336,72|0|0|0|121,58||
|C100|1|0|C0000001937|55|00|002|213705|31231002258243000400550020002137051703213750|25102023|25102023|8285,38|1|0|0|8024,58|0|0|0|0|8024,6|722,22|0|0|260,8|132,4|609,88|8,02|40,12|
|C110|000001||
|C110|000008||
|C110|000009||
|C110|000002||
|C110|000003||
|C110|000004||
|C110|000005||
|C110|000006||
|C110|000007||
|C190|351|5101|18|8285,38|8024,6|722,22|0|0|0|260,8||
|C100|1|0|C0000001937|55|00|002|213706|31231002258243000400550020002137061988567634|26102023|26102023|14203,76|1|0|0|13756,66|0|0|0|0|13756,76|1238,1|0|0|447,1|226,98|1045,5|13,76|68,78|
|C110|000001||
|C110|000008||
|C110|000009||
|C110|000010||
|C110|000011||
|C110|000002||
|C110|000012||
|C110|000003||
|C110|000004||
|C110|000013||
|C110|000005||
|C190|351|5101|18|8783,54|8507,08|765,64|0|0|0|276,5||
|C190|551|5101|18|5420,22|5249,68|472,46|0|0|0|170,6||
|C100|1|0|C0000001937|55|00|002|213707|31231002258243000400550020002137071590399867|26102023|26102023|13230,78|1|0|0|12814,3|0|0|0|0|12814,4|1153,3|0|0|416,48|211,44|973,86|12,84|64,06|
|C110|000001||
|C110|000008||
|C110|000009||
|C110|000010||
|C110|000011||
|C110|000002||
|C110|000012||
|C110|000003||
|C110|000004||
|C110|000013||
|C110|000005||
|C190|351|5101|18|7094,32|6871,04|618,38|0|0|0|223,32||
|C190|551|5101|18|6136,46|5943,36|534,92|0|0|0|193,16||
|C100|1|0|C0000001937|55|00|002|213708|31231002258243000400550020002137081796011365|26102023|26102023|15510,82|1|0|0|15022,58|0|0|0|0|15022,64|1352,02|0|0|488,24|247,86|1141,74|15,02|75,1|
|C110|000001||
|C110|000008||
|C110|000009||
|C110|000010||
|C110|000011||
|C110|000002||
|C110|000012||
|C110|000003||
|C110|000004||
|C110|000013||
|C110|000005||
|C190|351|5101|18|10586,24|10253,04|922,78|0|0|0|333,22||
|C190|551|5101|18|4924,58|4769,6|429,24|0|0|0|155,02||
|C100|1|0|C0000001937|55|00|002|213709|31231002258243000400550020002137091677351860|26102023|26102023|16569,54|1|0|0|16048|0|0|0|0|16048,04|1444,32|0|0|521,54|264,8|1219,66|16,08|80,24|
|C110|000001||
|C110|000008||
|C110|000009||
|C110|000010||
|C110|000011||
|C110|000002||
|C110|000012||
|C110|000003||
|C110|000004||
|C110|000013||
|C110|000005||
|C110|000006||
|C110|000007||
|C190|351|5101|18|14271,84|13822,64|1244,04|0|0|0|449,22||
|C190|551|5101|18|2297,7|2225,4|200,28|0|0|0|72,32||
|C100|0|1|B00310001|55|00|002|326753|41231002258243000150550020003267531559005990|25102023|26102023|43902,83|2|0|0|43902,83|1|0|0|0|43902,83|5268,34|0|0|0|0|0|0|0|
|C110|000014||
|C170|1|C63446-106|Acion.vid jan ES-MA-OE-LI-AN-LL-341__-N|780|PÇ|22058,93|0|0|500|2151|2151/AA|22058,93|12|2647,07|0|0|0|0|05||0|0|0|98|0|0|0|0|0|98|0|0|0|0|0||0|
|C170|2|C63447-106|Acion.vid jan ES-MA-OE-RE-AN-LL-341__-N|780|PÇ|21843,9|0|0|500|2151|2151/AA|21843,9|12|2621,27|0|0|0|0|05||0|0|0|98|0|0|0|0|0|98|0|0|0|0|0||0|
|C190|500|2151|12|43902,83|43902,83|5268,34|0|0|0|0||
|C100|0|1|B00310001|55|00|002|326754|41231002258243000150550020003267541304800776|25102023|26102023|261919,36|2|0|0|261919,36|1|0|0|0|261919,36|10476,78|0|0|0|0|0|0|0|
|C110|000014||
|C170|1|C63442-106|Acion.vid jan ES-EL-OE-LI-AN-LL-341__-N|2160|PÇ|129821,18|0|0|300|2151|2151/AA|129821,18|4|5192,85|0|0|0|0|05||0|0|0|98|0|0|0|0|0|98|0|0|0|0|0||0|
|C170|2|C63443-106|Acion.vid jan ES-EL-OE-RE-AN-LL-341__-N|2160|PÇ|132098,18|0|0|300|2151|2151/AA|132098,18|4|5283,93|0|0|0|0|05||0|0|0|98|0|0|0|0|0|98|0|0|0|0|0||0|
|C190|300|2151|4|261919,36|261919,36|10476,78|0|0|0|0||
|C100|0|1|B00310001|55|00|002|326755|41231002258243000150550020003267551005358661|25102023|26102023|109525,86|2|0|0|109525,86|1|0|0|0|109525,86|13143,1|0|0|0|0|0|0|0|
|C110|000014||
|C170|1|E46965-102|Acion.vid jan ES-EL-OE-RE-AN-LL-X6H__-N|1080|PÇ|54754,52|0|0|500|2151|2151/AA|54754,52|12|6570,54|0|0|0|0|05||0|0|0|98|0|0|0|0|0|98|0|0|0|0|0||0|
|C170|2|E46966-102|Acion.vid jan ES-EL-OE-LI-AN-LL-X6H__-N|1080|PÇ|54771,34|0|0|500|2151|2151/AA|54771,34|12|6572,56|0|0|0|0|05||0|0|0|98|0|0|0|0|0|98|0|0|0|0|0||0|
|C190|500|2151|12|109525,86|109525,86|13143,1|0|0|0|0||
|C100|0|1|B00310001|55|00|002|326756|41231002258243000150550020003267561552638752|25102023|26102023|60570,6|2|0|0|60570,6|1|0|0|0|60570,6|2422,82|0|0|0|0|0|0|0|
|C110|000014||
|C170|1|E47182-104|Acion.vid jan ES-EL-OE-LI-AN-LL-341__-N|960|PÇ|60570,6|0|0|300|2151|2151/AA|60570,6|4|2422,82|0|0|0|0|05||0|0|0|98|0|0|0|0|0|98|0|0|0|0|0||0|
|C190|300|2151|4|60570,6|60570,6|2422,82|0|0|0|0||
|C100|0|1|B00310001|55|00|002|326757|41231002258243000150550020003267571095390416|25102023|26102023|45852,52|2|0|0|45852,52|1|0|0|0|45852,52|1834,1|0|0|0|0|0|0|0|
|C110|000014||
|C170|1|E47181-104|Acion.vid jan ES-EL-OE-RE-AN-LL-341__-N|720|PÇ|45852,52|0|0|300|2151|2151/AA|45852,52|4|1834,1|0|0|0|0|05||0|0|0|98|0|0|0|0|0|98|0|0|0|0|0||0|
|C190|300|2151|4|45852,52|45852,52|1834,1|0|0|0|0||
|C100|0|1|B00310001|55|00|002|326758|41231002258243000150550020003267581761278443|25102023|26102023|18193,91|2|0|0|18193,91|1|0|0|0|18193,91|2183,27|0|0|0|0|0|0|0|
|C110|000014||
|C170|1|E46962-103|Acion.vid jan ES-EL-OE-LI-AN-LL-199__-N|360|PÇ|18193,91|0|0|500|2151|2151/AA|18193,91|12|2183,27|0|0|0|0|05||0|0|0|98|0|0|0|0|0|98|0|0|0|0|0||0|
|C190|500|2151|12|18193,91|18193,91|2183,27|0|0|0|0||
|C100|0|1|B00310001|55|00|002|326759|41231002258243000150550020003267591557201125|25102023|26102023|22099,48|2|0|0|22099,48|1|0|0|0|22099,48|2651,94|0|0|0|0|0|0|0|
|C110|000014||
|C170|1|E46969-102|Acion.vid jan ES-MA-NA-RE-OA-LL-199__-N|160|PÇ|3879,8|0|0|500|2151|2151/AA|3879,8|12|465,58|0|0|0|0|05||0|0|0|98|0|0|0|0|0|98|0|0|0|0|0||0|
|C170|2|E46961-103|Acion.vid jan ES-EL-OE-RE-AN-LL-199__-N|360|PÇ|18219,68|0|0|500|2151|2151/AA|18219,68|12|2186,36|0|0|0|0|05||0|0|0|98|0|0|0|0|0|98|0|0|0|0|0||0|
|C190|500|2151|12|22099,48|22099,48|2651,94|0|0|0|0||
|C100|0|1|B00310001|55|00|002|326760|41231002258243000150550020003267601132277350|25102023|26102023|3880,91|2|0|0|3880,91|1|0|0|0|3880,91|465,71|0|0|0|0|0|0|0|
|C110|000014||
|C170|1|E46970-102|Acion.vid jan ES-MA-NA-LI-OA-LL-199__-N|160|PÇ|3880,91|0|0|500|2151|2151/AA|3880,91|12|465,71|0|0|0|0|05||0|0|0|98|0|0|0|0|0|98|0|0|0|0|0||0|
|C190|500|2151|12|3880,91|3880,91|465,71|0|0|0|0||
|C100|0|1|V0002000031|55|00|002|326761|41231002258243000150550020003267611035747205|25102023|26102023|69700|2|0|0|69700|0|0|0|0|0|0|0|0|0|0|0|0|0|
|C110|000015||
|C110|000014||
|C170|1|3044J2-000|GLT FOR-KLBE-M-KU-___-1.200-1.000- 975|82|PÇ|69700|0|0|040|2920|2920/AA|0|0|0|0|0|0|0|05||0|0|0|98|0|0|0|0|0|98|0|0|0|0|0||0|
|C190|040|2920|0|69700|0|0|0|0|0|0||
|C100|1|0|C0000001937|55|00|002|213710|31231002258243000400550020002137101947471570|26102023|26102023|17126,54|1|0|0|16587,46|0|0|0|0|16587,48|1492,9|0|0|539,08|273,68|1260,64|16,56|82,94|
|C110|000001||
|C110|000008||
|C110|000009||
|C110|000010||
|C110|000011||
|C110|000002||
|C110|000003||
|C110|000004||
|C110|000005||
|C110|000006||
|C110|000007||
|C190|351|5101|18|15032,34|14559,2|1310,34|0|0|0|473,16||
|C190|551|5101|18|2094,2|2028,28|182,56|0|0|0|65,92||
|C100|1|0|C0000001937|55|00|002|213711|31231002258243000400550020002137111365527740|26102023|26102023|14748,92|1|0|0|14284,68|0|0|0|0|14284,76|1285,64|0|0|464,24|235,7|1085,64|14,3|71,42|
|C110|000001||
|C110|000008||
|C110|000009||
|C110|000010||
|C110|000011||
|C110|000002||
|C110|000012||
|C110|000003||
|C110|000004||
|C110|000013||
|C110|000005||
|C190|351|5101|18|11869,38|11495,8|1034,62|0|0|0|373,62||
|C190|551|5101|18|2879,54|2788,96|251,02|0|0|0|90,62||
|C100|1|0|C0000001937|55|00|002|213712|31231002258243000400550020002137121840662381|26102023|26102023|14500|1|0|0|14043,6|0|0|0|0|14043,68|1263,92|0|0|456,4|231,74|1067,34|14,04|70,22|
|C110|000001||
|C110|000008||
|C110|000002||
|C110|000012||
|C110|000003||
|C110|000009||
|C110|000010||
|C110|000004||
|C110|000011||
|C110|000013||
|C110|000005||
|C110|000006||
|C110|000007||
|C190|351|5101|18|7403,48|7170,48|645,34|0|0|0|233,04||
|C190|551|5101|18|7096,52|6873,2|618,58|0|0|0|223,36||
|C100|1|0|C0000001937|55|00|002|213713|31231002258243000400550020002137131095594780|26102023|26102023|14589,72|1|0|0|14130,48|0|0|0|0|14130,56|1271,76|0|0|459,24|233,16|1073,92|14,1|70,66|
|C110|000001||
|C110|000008||
|C110|000002||
|C110|000003||
|C110|000009||
|C110|000010||
|C110|000004||
|C110|000011||
|C110|000005||
|C110|000012||
|C110|000006||
|C110|000007||
|C110|000013||
|C190|351|5101|18|9004,92|8721,52|784,94|0|0|0|283,44||
|C190|551|5101|18|5584,8|5409,04|486,82|0|0|0|175,8||
|C100|1|0|C0000001937|55|00|002|213714|31231002258243000400550020002137141131155652|26102023|26102023|16384,74|1|0|0|15868,98|0|0|0|0|15869,04|1428,22|0|0|515,76|261,82|1206,04|15,88|79,34|
|C110|000001||
|C110|000008||
|C110|000002||
|C110|000003||
|C110|000009||
|C110|000010||
|C110|000004||
|C110|000011||
|C110|000005||
|C110|000012||
|C110|000006||
|C110|000007||
|C110|000013||
|C190|351|5101|18|10890,18|10547,4|949,26|0|0|0|342,8||
|C190|551|5101|18|5494,56|5321,64|478,96|0|0|0|172,96||
|C100|1|0|C0000001937|55|00|002|213715|31231002258243000400550020002137151906519184|26102023|26102023|12981,02|1|0|0|12572,42|0|0|0|0|12572,48|1131,52|0|0|408,6|207,44|955,52|12,56|62,86|
|C110|000001||
|C110|000008||
|C110|000002||
|C110|000003||
|C110|000009||
|C110|000010||
|C110|000004||
|C110|000011||
|C110|000005||
|C110|000012||
|C110|000006||
|C110|000007||
|C110|000013||
|C190|351|5101|18|7399,78|7166,88|645,02|0|0|0|232,92||
|C190|551|5101|18|5581,24|5405,6|486,5|0|0|0|175,68||
|C100|1|0|C0000001937|55|00|002|213716|31231002258243000400550020002137161049604664|26102023|26102023|15149,64|1|0|0|14672,78|0|0|0|0|14672,84|1320,54|0|0|476,86|242,1|1115,12|14,7|73,36|
|C110|000001||
|C110|000008||
|C110|000002||
|C110|000003||
|C110|000009||
|C110|000010||
|C110|000004||
|C110|000011||
|C110|000005||
|C110|000012||
|C110|000006||
|C110|000007||
|C110|000013||
|C190|351|5101|18|9748,84|9442|849,76|0|0|0|306,86||
|C190|551|5101|18|5400,8|5230,84|470,78|0|0|0|170||
|C100|1|0|C0000001937|55|00|002|213717|31231002258243000400550020002137171429190966|26102023|26102023|17028,86|1|0|0|16492,84|0|0|0|0|16492,92|1484,36|0|0|536,02|272,12|1253,44|16,52|82,48|
|C110|000001||
|C110|000008||
|C110|000002||
|C110|000003||
|C110|000009||
|C110|000010||
|C110|000004||
|C110|000011||
|C110|000005||
|C110|000012||
|C110|000013||
|C190|351|5101|18|11090,78|10741,72|966,76|0|0|0|349,1||
|C190|551|5101|18|5938,08|5751,2|517,6|0|0|0|186,92||
|C100|1|0|C0000001937|55|00|002|213718|31231002258243000400550020002137181636853674|26102023|26102023|23466,9|1|0|0|22728,22|0|0|0|0|22728,28|2045,54|0|0|738,68|375|1727,34|22,76|113,64|
|C110|000001||
|C110|000008||
|C110|000002||
|C110|000003||
|C110|000009||
|C110|000010||
|C110|000004||
|C110|000011||
|C110|000005||
|C110|000012||
|C110|000013||
|C190|351|5101|18|14392,42|13939,4|1254,54|0|0|0|453,04||
|C190|551|5101|18|9074,48|8788,88|791|0|0|0|285,64||
|C100|1|0|C0000001937|55|00|002|213719|31231002258243000400550020002137191150915043|26102023|26102023|16791,18|1|0|0|16262,64|0|0|0|0|16262,72|1463,62|0|0|528,54|268,32|1235,94|16,26|81,32|
|C110|000001||
|C110|000008||
|C110|000002||
|C110|000003||
|C110|000009||
|C110|000010||
|C110|000004||
|C110|000011||
|C110|000005||
|C110|000012||
|C110|000013||
|C190|351|5101|18|11375,5|11017,48|991,56|0|0|0|358,06||
|C190|551|5101|18|5415,68|5245,24|472,06|0|0|0|170,48||
|C100|1|0|C0000001937|55|00|002|213720|31231002258243000400550020002137201097800829|26102023|26102023|16155,48|1|0|0|15646,94|0|0|0|0|15647|1408,22|0|0|508,54|258,16|1189,18|15,66|78,22|
|C110|000001||
|C110|000008||
|C110|000002||
|C110|000003||
|C110|000009||
|C110|000010||
|C110|000004||
|C110|000011||
|C110|000005||
|C110|000012||
|C110|000013||
|C190|351|5101|18|9757,06|9449,96|850,48|0|0|0|307,14||
|C190|551|5101|18|6398,42|6197,04|557,74|0|0|0|201,4||
|C100|1|0|C0000001937|55|00|002|213721|31231002258243000400550020002137211213860150|26102023|26102023|9680,94|1|0|0|9376,22|0|0|0|0|9376,24|843,88|0|0|304,72|154,7|712,6|9,4|46,9|
|C110|000001||
|C110|000008||
|C110|000002||
|C110|000003||
|C110|000009||
|C110|000004||
|C110|000005||
|C190|351|5101|18|9680,94|9376,24|843,88|0|0|0|304,72||
|C100|1|0|C0000001937|55|00|002|213722|31231002258243000400550020002137221387183126|26102023|26102023|16129,42|1|0|0|15621,72|0|0|0|0|15621,76|1405,96|0|0|507,7|257,74|1187,26|15,66|78,12|
|C110|000001||
|C110|000008||
|C110|000002||
|C110|000003||
|C110|000009||
|C110|000010||
|C110|000004||
|C110|000011||
|C110|000005||
|C110|000012||
|C110|000006||
|C110|000007||
|C110|000013||
|C190|351|5101|18|11615,54|11249,96|1012,5|0|0|0|365,62||
|C190|551|5101|18|4513,88|4371,8|393,46|0|0|0|142,08||
|C100|1|0|C0000001937|55|00|002|213723|31231002258243000400550020002137231748503683|26102023|26102023|14930,98|1|0|0|14461,02|0|0|0|0|14461,08|1301,52|0|0|469,96|238,6|1099,04|14,44|72,32|
|C110|000001||
|C110|000008||
|C110|000002||
|C110|000003||
|C110|000009||
|C110|000010||
|C110|000004||
|C110|000011||
|C110|000005||
|C110|000012||
|C110|000006||
|C110|000007||
|C110|000013||
|C190|351|5101|18|10453,5|10124,48|911,22|0|0|0|329,04||
|C190|551|5101|18|4477,48|4336,6|390,3|0|0|0|140,92||
|C100|1|0|C0000001937|55|00|002|213724|31231002258243000400550020002137241501007179|26102023|26102023|11359,04|1|0|0|11001,48|0|0|0|0|11001,56|990,14|0|0|357,56|181,5|836,1|11|55|
|C110|000001||
|C110|000008||
|C110|000002||
|C110|000003||
|C110|000009||
|C110|000010||
|C110|000004||
|C110|000011||
|C110|000005||
|C110|000012||
|C110|000013||
|C190|351|5101|18|7164,52|6939,04|624,5|0|0|0|225,52||
|C190|551|5101|18|4194,52|4062,52|365,64|0|0|0|132,04||
|C100|1|0|C0000001937|55|00|002|213725|31231002258243000400550020002137251779852331|26102023|26102023|7286,7|1|0|0|7057,36|0|0|0|0|7057,4|635,16|0|0|229,34|116,46|536,36|7,04|35,28|
|C110|000001||
|C110|000008||
|C110|000002||
|C110|000003||
|C110|000009||
|C110|000004||
|C110|000005||
|C110|000006||
|C110|000007||
|C190|351|5101|18|7286,7|7057,4|635,16|0|0|0|229,34||
|C100|1|0|C0000001937|55|00|002|213726|31231002258243000400550020002137261930145799|26102023|26102023|13108,72|1|0|0|12696,1|0|0|0|0|12696,2|1142,68|0|0|412,62|209,48|964,88|12,7|63,48|
|C110|000001||
|C110|000008||
|C110|000002||
|C110|000003||
|C110|000009||
|C110|000010||
|C110|000004||
|C110|000011||
|C110|000005||
|C110|000012||
|C110|000013||
|C190|351|5101|18|10100,48|9782,6|880,44|0|0|0|317,94||
|C190|551|5101|18|3008,24|2913,6|262,24|0|0|0|94,68||
|C100|1|0|C0000001937|55|00|002|213727|31231002258243000400550020002137271974139848|26102023|26102023|15112,86|1|0|0|14637,16|0|0|0|0|14637,2|1317,34|0|0|475,7|241,48|1112,46|14,64|73,2|
|C110|000001||
|C110|000008||
|C110|000002||
|C110|000003||
|C110|000009||
|C110|000010||
|C110|000004||
|C110|000011||
|C110|000005||
|C110|000012||
|C110|000013||
|C190|351|5101|18|7135,5|6910,92|621,98|0|0|0|224,6||
|C190|551|5101|18|7977,36|7726,28|695,36|0|0|0|251,1||
|C100|1|0|C0000001937|55|00|002|213728|31231002258243000400550020002137281877479319|26102023|26102023|11745,1|1|0|0|11375,4|0|0|0|0|11375,48|1023,78|0|0|369,7|187,68|864,5|11,38|56,88|
|C110|000001||
|C110|000008||
|C110|000002||
|C110|000003||
|C110|000009||
|C110|000010||
|C110|000004||
|C110|000011||
|C110|000005||
|C110|000012||
|C110|000013||
|C190|351|5101|18|6914,9|6697,28|602,74|0|0|0|217,66||
|C190|551|5101|18|4830,2|4678,2|421,04|0|0|0|152,04||
|C100|1|0|C0000001937|55|00|002|213729|31231002258243000400550020002137291542929310|26102023|26102023|14504,68|1|0|0|14048,14|0|0|0|0|14048,24|1264,34|0|0|456,54|231,8|1067,66|14,02|70,24|
|C110|000001||
|C110|000008||
|C110|000002||
|C110|000003||
|C110|000009||
|C110|000010||
|C110|000004||
|C110|000011||
|C110|000005||
|C110|000012||
|C110|000006||
|C110|000007||
|C110|000013||
|C190|351|5101|18|10176,86|9856,6|887,1|0|0|0|320,32||
|C190|551|5101|18|4327,82|4191,64|377,24|0|0|0|136,22||
|C100|1|0|C0000001937|55|00|002|213730|31231002258243000400550020002137301292610789|26102023|26102023|14988,9|1|0|0|14517,08|0|0|0|0|14517,12|1306,54|0|0|471,82|239,52|1103,28|14,54|72,56|
|C110|000001||
|C110|000008||
|C110|000002||
|C110|000003||
|C110|000009||
|C110|000010||
|C110|000004||
|C110|000011||
|C110|000005||
|C110|000012||
|C110|000013||
|C190|351|5101|18|9588,1|9286,28|835,76|0|0|0|301,82||
|C190|551|5101|18|5400,8|5230,84|470,78|0|0|0|170||
|C100|1|0|C0000001937|55|00|002|213731|31231002258243000400550020002137311100376283|27102023|27102023|14294|1|0|0|13844,08|0|0|0|0|13844,12|1245,98|0|0|449,92|228,42|1052,16|13,84|69,22|
|C110|000001||
|C110|000008||
|C110|000009||
|C110|000010||
|C110|000011||
|C110|000002||
|C110|000012||
|C110|000003||
|C110|000004||
|C110|000013||
|C110|000005||
|C190|351|5101|18|9507,4|9208,16|828,74|0|0|0|299,26||
|C190|551|5101|18|4786,6|4635,96|417,24|0|0|0|150,66||
|C100|1|0|C0000001937|55|00|002|213732|31231002258243000400550020002137321397561901|27102023|27102023|11846,52|1|0|0|11473,64|0|0|0|0|11473,72|1032,64|0|0|372,88|189,28|872|11,48|57,36|
|C110|000001||
|C110|000008||
|C110|000009||
|C110|000010||
|C110|000011||
|C110|000002||
|C110|000012||
|C110|000003||
|C110|000004||
|C110|000013||
|C110|000005||
|C190|351|5101|18|6409,84|6208,12|558,72|0|0|0|201,76||
|C190|551|5101|18|5436,68|5265,6|473,92|0|0|0|171,12||
|C100|1|0|C0000001937|55|00|002|213733|31231002258243000400550020002137331559451445|27102023|27102023|14258,9|1|0|0|13810,08|0|0|0|0|13810,16|1242,9|0|0|448,82|227,84|1049,56|13,8|69,04|
|C110|000001||
|C110|000008||
|C110|000009||
|C110|000010||
|C110|000011||
|C110|000002||
|C110|000012||
|C110|000003||
|C110|000004||
|C110|000013||
|C110|000005||
|C190|351|5101|18|8196,8|7938,8|714,48|0|0|0|258,02||
|C190|551|5101|18|6062,1|5871,36|528,42|0|0|0|190,8||
|C100|1|0||55|02|002|213734|31231002258243000400550020002137341715829478|||||||||||||||||||||
|C100|1|0|C0000001937|55|00|002|213735|31231002258243000400550020002137351637073037|27102023|27102023|22596,74|1|0|0|21885,46|0|0|0|0|21885,52|1969,7|0|0|711,28|361,12|1663,32|21,88|109,44|
|C110|000001||
|C110|000008||
|C110|000009||
|C110|000002||
|C110|000012||
|C110|000003||
|C110|000006||
|C110|000007||
|C110|000010||
|C110|000004||
|C110|000011||
|C110|000013||
|C110|000005||
|C190|351|5101|18|13418,72|12996,36|1169,68|0|0|0|422,38||
|C190|551|5101|18|9178,02|8889,16|800,02|0|0|0|288,9||
|C100|1|0|C0000001937|55|00|002|213736|31231002258243000400550020002137361840701435|27102023|27102023|16288,64|1|0|0|15775,92|0|0|0|0|15775,96|1419,84|0|0|512,72|260,28|1199|15,78|78,88|
|C110|000001||
|C110|000008||
|C110|000009||
|C110|000002||
|C110|000012||
|C110|000003||
|C110|000010||
|C110|000004||
|C110|000011||
|C110|000013||
|C110|000005||
|C190|351|5101|18|11491,28|11129,6|1001,68|0|0|0|361,72||
|C190|551|5101|18|4797,36|4646,36|418,16|0|0|0|151||
|C100|1|0|C0000001937|55|00|002|213737|31231002258243000400550020002137371539654900|27102023|27102023|13840,1|1|0|0|13404,44|0|0|0|0|13404,48|1206,4|0|0|435,66|221,2|1018,74|13,42|67,02|
|C110|000001||
|C110|000008||
|C110|000009||
|C110|000002||
|C110|000012||
|C110|000003||
|C110|000006||
|C110|000007||
|C110|000010||
|C110|000004||
|C110|000011||
|C110|000013||
|C110|000005||
|C190|351|5101|18|9892,18|9580,84|862,28|0|0|0|311,38||
|C190|551|5101|18|3947,92|3823,64|344,12|0|0|0|124,28||
|C100|1|0|C0000001937|55|00|002|213738|31231002258243000400550020002137381238644962|27102023|27102023|8173,4|1|0|0|7916,12|0|0|0|0|7916,16|712,44|0|0|257,28|130,62|601,64|7,9|39,58|
|C110|000001||
|C110|000008||
|C110|000009||
|C110|000002||
|C110|000003||
|C110|000004||
|C110|000005||
|C190|351|5101|18|8173,4|7916,16|712,44|0|0|0|257,28||
|C100|1|0|C0000001937|55|00|002|213739|31231002258243000400550020002137391346170787|27102023|27102023|17197,72|1|0|0|16656,38|0|0|0|0|16656,44|1499,06|0|0|541,34|274,82|1265,86|16,66|83,28|
|C110|000001||
|C110|000008||
|C110|000009||
|C110|000002||
|C110|000012||
|C110|000003||
|C110|000010||
|C110|000004||
|C110|000011||
|C110|000013||
|C110|000005||
|C190|351|5101|18|11606,32|11241|1011,68|0|0|0|365,34||
|C190|551|5101|18|5591,4|5415,44|487,38|0|0|0|176||
|C100|1|0|C0000001937|55|00|002|213740|31231002258243000400550020002137401153600330|27102023|27102023|16282,78|1|0|0|15770,26|0|0|0|0|15770,32|1419,34|0|0|512,52|260,18|1198,56|15,78|78,86|
|C110|000001||
|C110|000008||
|C110|000002||
|C110|000012||
|C110|000003||
|C110|000006||
|C110|000007||
|C110|000009||
|C110|000010||
|C110|000004||
|C110|000011||
|C110|000013||
|C110|000005||
|C190|351|5101|18|10739,5|10401,48|936,14|0|0|0|338,04||
|C190|551|5101|18|5543,28|5368,84|483,2|0|0|0|174,48||
|C100|1|0|C0000001937|55|00|002|213741|31231002258243000400550020002137411836063241|27102023|27102023|17283,34|1|0|0|16739,3|0|0|0|0|16739,32|1506,54|0|0|544,04|276,16|1272,2|16,72|83,68|
|C110|000001||
|C110|000008||
|C110|000002||
|C110|000012||
|C110|000003||
|C110|000006||
|C110|000007||
|C110|000009||
|C110|000010||
|C110|000004||
|C110|000011||
|C110|000013||
|C110|000005||
|C190|351|5101|18|10741,94|10403,8|936,34|0|0|0|338,14||
|C190|551|5101|18|6541,4|6335,52|570,2|0|0|0|205,9||
|C100|1|0|C0000001937|55|00|002|213742|31231002258243000400550020002137421406434004|27102023|27102023|16599,04|1|0|0|16076,54|0|0|0|0|16076,6|1446,9|0|0|522,5|265,26|1221,84|16,06|80,38|
|C110|000001||
|C110|000008||
|C110|000002||
|C110|000012||
|C110|000003||
|C110|000006||
|C110|000007||
|C110|000009||
|C110|000010||
|C110|000004||
|C110|000011||
|C110|000013||
|C110|000005||
|C190|351|5101|18|11022,42|10675,48|960,82|0|0|0|346,96||
|C190|551|5101|18|5576,62|5401,12|486,08|0|0|0|175,54||
|C100|1|0|C0000001937|55|00|002|213743|31231002258243000400550020002137431430666642|27102023|27102023|15479,3|1|0|0|14992,06|0|0|0|0|14992,12|1349,28|0|0|487,24|247,34|1139,4|14,98|74,94|
|C110|000001||
|C110|000008||
|C110|000002||
|C110|000012||
|C110|000003||
|C110|000006||
|C110|000007||
|C110|000009||
|C110|000010||
|C110|000004||
|C110|000011||
|C110|000013||
|C110|000005||
|C190|351|5101|18|10281,54|9957,92|896,2|0|0|0|323,64||
|C190|551|5101|18|5197,76|5034,2|453,08|0|0|0|163,6||
|C100|1|0|C0000001937|55|00|002|213744|31231002258243000400550020002137441348060725|27102023|27102023|15135,56|1|0|0|14659,14|0|0|0|0|14659,16|1319,32|0|0|476,42|241,88|1114,12|14,66|73,28|
|C110|000001||
|C110|000008||
|C110|000002||
|C110|000012||
|C110|000003||
|C110|000006||
|C110|000007||
|C110|000009||
|C110|000010||
|C110|000004||
|C110|000011||
|C110|000013||
|C110|000005||
|C190|351|5101|18|9906,04|9594,24|863,48|0|0|0|311,82||
|C190|551|5101|18|5229,52|5064,92|455,84|0|0|0|164,6||
|C100|1|0|C0000001937|55|00|002|213745|31231002258243000400550020002137451543420821|27102023|27102023|16533,96|1|0|0|16013,54|0|0|0|0|16013,56|1441,22|0|0|520,42|264,24|1217,04|16,02|80,08|
|C110|000001||
|C110|000008||
|C110|000002||
|C110|000012||
|C110|000003||
|C110|000006||
|C110|000007||
|C110|000009||
|C110|000010||
|C110|000004||
|C110|000011||
|C110|000013||
|C110|000005||
|C190|351|5101|18|12148,28|11765,92|1058,94|0|0|0|382,38||
|C190|551|5101|18|4385,68|4247,64|382,28|0|0|0|138,04||
|C100|1|0|C0000001937|55|00|002|213746|31231002258243000400550020002137461066325629|27102023|27102023|18544,98|1|0|0|17961,22|0|0|0|0|17961,32|1616,54|0|0|583,76|296,34|1365,04|17,98|89,82|
|C110|000001||
|C110|000008||
|C110|000002||
|C110|000012||
|C110|000003||
|C110|000009||
|C110|000010||
|C110|000004||
|C110|000011||
|C110|000013||
|C110|000005||
|C190|351|5101|18|11682,62|11314,92|1018,36|0|0|0|367,74||
|C190|551|5101|18|6862,36|6646,4|598,18|0|0|0|216,02||
|C100|1|0|C0000001937|55|00|002|213747|31231002258243000400550020002137471975996895|27102023|27102023|17530,04|1|0|0|16978,24|0|0|0|0|16978,32|1528,04|0|0|551,8|280,14|1290,36|16,98|84,88|
|C110|000001||
|C110|000008||
|C110|000002||
|C110|000012||
|C110|000003||
|C110|000009||
|C110|000010||
|C110|000004||
|C110|000011||
|C110|000013||
|C110|000005||
|C190|351|5101|18|12883,34|12477,84|1123,02|0|0|0|405,54||
|C190|551|5101|18|4646,7|4500,48|405,02|0|0|0|146,26||
|C100|1|0|C0000001937|55|00|002|213748|31231002258243000400550020002137481303038177|27102023|27102023|21802,26|1|0|0|21116|0|0|0|0|21116,04|1900,44|0|0|686,26|348,42|1604,86|21,1|105,58|
|C110|000001||
|C110|000008||
|C110|000002||
|C110|000003||
|C110|000006||
|C110|000007||
|C110|000009||
|C110|000010||
|C110|000004||
|C110|000011||
|C110|000005||
|C190|351|5101|18|17171,46|16631|1496,78|0|0|0|540,5||
|C190|551|5101|18|4630,8|4485,04|403,66|0|0|0|145,76||
|C100|1|0|C0000001937|55|00|002|213749|31231002258243000400550020002137491954989487|27102023|27102023|14677,42|1|0|0|14215,42|0|0|0|0|14215,48|1279,36|0|0|462|234,54|1080,4|14,2|71,06|
|C110|000001||
|C110|000008||
|C110|000002||
|C110|000003||
|C110|000009||
|C110|000010||
|C110|000004||
|C110|000011||
|C110|000005||
|C190|351|5101|18|10766,88|10428,04|938,5|0|0|0|338,9||
|C190|551|5101|18|3910,54|3787,44|340,86|0|0|0|123,1||
|C100|1|0|C0000001937|55|00|002|213750|31231002258243000400550020002137501083589020|27102023|27102023|11033,88|1|0|0|10686,58|0|0|0|0|10686,64|961,78|0|0|347,3|176,34|812,18|10,7|53,42|
|C110|000001||
|C110|000008||
|C110|000002||
|C110|000012||
|C110|000003||
|C110|000009||
|C110|000010||
|C110|000004||
|C110|000011||
|C110|000013||
|C110|000005||
|C190|351|5101|18|7871,86|7624,12|686,16|0|0|0|247,78||
|C190|551|5101|18|3162,02|3062,52|275,62|0|0|0|99,52||
|C100|1|0|C0000001937|55|00|002|213751|31231002258243000400550020002137511565299925|27102023|27102023|16093,4|1|0|0|15586,84|0|0|0|0|15586,92|1402,82|0|0|506,56|257,2|1184,62|15,6|77,92|
|C110|000001||
|C110|000008||
|C110|000002||
|C110|000012||
|C110|000003||
|C110|000009||
|C110|000010||
|C110|000004||
|C110|000011||
|C110|000013||
|C110|000005||
|C190|351|5101|18|12413,1|12022,44|1082,02|0|0|0|390,72||
|C190|551|5101|18|3680,3|3564,48|320,8|0|0|0|115,84||
|C100|1|0|C0000001937|55|00|002|213752|31231002258243000400550020002137521554735912|27102023|27102023|19595,1|1|0|0|18978,3|0|0|0|0|18978,32|1708,06|0|0|616,8|313,14|1442,36|18,98|94,9|
|C110|000001||
|C110|000008||
|C110|000002||
|C110|000003||
|C110|000009||
|C110|000010||
|C110|000004||
|C110|000011||
|C110|000005||
|C110|000012||
|C110|000013||
|C190|351|5101|18|9855,74|9545,52|859,1|0|0|0|310,24||
|C190|551|5101|18|9739,36|9432,8|848,96|0|0|0|306,56||
|C100|1|0|C0000001937|55|00|002|213753|31231002258243000400550020002137531356728356|27102023|27102023|5660,5|1|0|0|5482,32|0|0|0|0|5482,36|493,4|0|0|178,18|90,44|416,64|5,5|27,42|
|C110|000001||
|C110|000008||
|C110|000002||
|C110|000003||
|C110|000006||
|C110|000007||
|C110|000009||
|C110|000004||
|C110|000005||
|C190|351|5101|18|5660,5|5482,36|493,4|0|0|0|178,18||
|C100|1|0|C0000001937|55|00|002|213754|31231002258243000400550020002137541050400040|27102023|27102023|14449,72|1|0|0|13994,88|0|0|0|0|13994,96|1259,54|0|0|454,84|230,94|1063,62|13,98|69,96|
|C110|000001||
|C110|000008||
|C110|000002||
|C110|000003||
|C110|000006||
|C110|000007||
|C110|000009||
|C110|000010||
|C110|000004||
|C110|000011||
|C110|000005||
|C110|000012||
|C110|000013||
|C190|351|5101|18|7768,38|7523,88|677,16|0|0|0|244,54||
|C190|551|5101|18|6681,34|6471,08|582,38|0|0|0|210,3||
|C100|1|0|C0000001937|55|00|002|213755|31231002258243000400550020002137551868363220|27102023|27102023|19324,58|1|0|0|18716,3|0|0|0|0|18716,4|1684,46|0|0|608,28|308,8|1422,42|18,72|93,56|
|C110|000001||
|C110|000008||
|C110|000002||
|C110|000003||
|C110|000006||
|C110|000007||
|C110|000009||
|C110|000010||
|C110|000004||
|C110|000011||
|C110|000005||
|C110|000012||
|C110|000013||
|C190|351|5101|18|10539,28|10207,6|918,68|0|0|0|331,74||
|C190|551|5101|18|8785,3|8508,8|765,78|0|0|0|276,54||
|C100|1|0|C0000001937|55|00|002|213756|31231002258243000400550020002137561834359111|28102023|28102023|3255,06|1|0|0|3152,6|0|0|0|0|3152,64|283,74|0|0|102,46|52,02|239,6|3,16|15,78|
|C110|000001||
|C110|000008||
|C110|000003||
|C110|000006||
|C110|000007||
|C110|000009||
|C110|000005||
|C190|351|5101|18|3255,06|3152,64|283,74|0|0|0|102,46||
|C100|1|0|C0000001937|55|00|002|213757|31231002258243000400550020002137571339534424|28102023|28102023|15007,02|1|0|0|14534,64|0|0|0|0|14534,68|1308,14|0|0|472,38|239,8|1104,66|14,56|72,68|
|C110|000001||
|C110|000008||
|C110|000002||
|C110|000003||
|C110|000006||
|C110|000007||
|C110|000009||
|C110|000010||
|C110|000004||
|C110|000011||
|C110|000005||
|C110|000012||
|C110|000013||
|C190|351|5101|18|9121,3|8834,2|795,08|0|0|0|287,12||
|C190|551|5101|18|5885,72|5700,48|513,06|0|0|0|185,26||
|C100|1|0|C0000001937|55|00|002|213758|31231002258243000400550020002137581083691558|28102023|28102023|15573,22|1|0|0|15083,02|0|0|0|0|15083,08|1357,5|0|0|490,2|248,86|1146,34|15,1|75,42|
|C110|000001||
|C110|000008||
|C110|000002||
|C110|000003||
|C110|000009||
|C110|000010||
|C110|000004||
|C110|000011||
|C110|000005||
|C110|000012||
|C110|000013||
|C190|351|5101|18|9490,1|9191,4|827,24|0|0|0|298,72||
|C190|551|5101|18|6083,12|5891,68|530,26|0|0|0|191,48||
|C100|1|0|C0000001937|55|00|002|213759|31231002258243000400550020002137591190246660|28102023|28102023|15639,3|1|0|0|15147,02|0|0|0|0|15147,08|1363,24|0|0|492,28|249,92|1151,18|15,14|75,7|
|C110|000001||
|C110|000008||
|C110|000002||
|C110|000003||
|C110|000006||
|C110|000007||
|C110|000009||
|C110|000010||
|C110|000004||
|C110|000011||
|C110|000005||
|C110|000012||
|C110|000013||
|C190|351|5101|18|11146,9|10796,08|971,66|0|0|0|350,86||
|C190|551|5101|18|4492,4|4351|391,58|0|0|0|141,42||
|C100|0|1|B00310001|55|00|002|326824|41231002258243000150550020003268241908407308|26102023|28102023|254707,07|2|0|0|254707,07|1|0|0|0|254707,07|10188,29|0|0|0|0|0|0|0|
|C110|000014||
|C170|1|C63442-106|Acion.vid jan ES-EL-OE-LI-AN-LL-341__-N|2040|PÇ|122608,89|0|0|300|2151|2151/AA|122608,89|4|4904,36|0|0|0|0|05||0|0|0|98|0|0|0|0|0|98|0|0|0|0|0||0|
|C170|2|C63443-106|Acion.vid jan ES-EL-OE-RE-AN-LL-341__-N|2160|PÇ|132098,18|0|0|300|2151|2151/AA|132098,18|4|5283,93|0|0|0|0|05||0|0|0|98|0|0|0|0|0|98|0|0|0|0|0||0|
|C190|300|2151|4|254707,07|254707,07|10188,29|0|0|0|0||
|C100|0|1|B00310001|55|00|002|326825|41231002258243000150550020003268251850560203|26102023|28102023|37856,63|2|0|0|37856,63|1|0|0|0|37856,63|1514,27|0|0|0|0|0|0|0|
|C110|000014||
|C170|1|E47182-104|Acion.vid jan ES-EL-OE-LI-AN-LL-341__-N|600|PÇ|37856,63|0|0|300|2151|2151/AA|37856,63|4|1514,27|0|0|0|0|05||0|0|0|98|0|0|0|0|0|98|0|0|0|0|0||0|
|C190|300|2151|4|37856,63|37856,63|1514,27|0|0|0|0||
|C100|0|1|B00310001|55|00|002|326826|41231002258243000150550020003268261649496525|26102023|28102023|73015,37|2|0|0|73015,37|1|0|0|0|73015,37|8761,84|0|0|0|0|0|0|0|
|C110|000014||
|C170|1|E46965-102|Acion.vid jan ES-EL-OE-RE-AN-LL-X6H__-N|840|PÇ|42586,85|0|0|500|2151|2151/AA|42586,85|12|5110,42|0|0|0|0|05||0|0|0|98|0|0|0|0|0|98|0|0|0|0|0||0|
|C170|2|E46966-102|Acion.vid jan ES-EL-OE-LI-AN-LL-X6H__-N|600|PÇ|30428,52|0|0|500|2151|2151/AA|30428,52|12|3651,42|0|0|0|0|05||0|0|0|98|0|0|0|0|0|98|0|0|0|0|0||0|
|C190|500|2151|12|73015,37|73015,37|8761,84|0|0|0|0||
|C100|0|1|B00310001|55|00|002|326827|41231002258243000150550020003268271836069780|26102023|28102023|36439,36|2|0|0|36439,36|1|0|0|0|36439,36|4372,72|0|0|0|0|0|0|0|
|C110|000014||
|C170|1|E46961-103|Acion.vid jan ES-EL-OE-RE-AN-LL-199__-N|720|PÇ|36439,36|0|0|500|2151|2151/AA|36439,36|12|4372,72|0|0|0|0|05||0|0|0|98|0|0|0|0|0|98|0|0|0|0|0||0|
|C190|500|2151|12|36439,36|36439,36|4372,72|0|0|0|0||
|C100|0|1|B00310001|55|00|002|326828|41231002258243000150550020003268281153998900|26102023|28102023|36387,82|2|0|0|36387,82|1|0|0|0|36387,82|4366,54|0|0|0|0|0|0|0|
|C110|000014||
|C170|1|E46962-103|Acion.vid jan ES-EL-OE-LI-AN-LL-199__-N|720|PÇ|36387,82|0|0|500|2151|2151/AA|36387,82|12|4366,54|0|0|0|0|05||0|0|0|98|0|0|0|0|0|98|0|0|0|0|0||0|
|C190|500|2151|12|36387,82|36387,82|4366,54|0|0|0|0||
|C100|0|1|B00310001|55|00|002|326829|41231002258243000150550020003268291995070621|26102023|28102023|3880,91|2|0|0|3880,91|1|0|0|0|3880,91|465,71|0|0|0|0|0|0|0|
|C110|000014||
|C170|1|E46970-102|Acion.vid jan ES-MA-NA-LI-OA-LL-199__-N|160|PÇ|3880,91|0|0|500|2151|2151/AA|3880,91|12|465,71|0|0|0|0|05||0|0|0|98|0|0|0|0|0|98|0|0|0|0|0||0|
|C190|500|2151|12|3880,91|3880,91|465,71|0|0|0|0||
|C100|0|1|B00310001|55|00|002|326830|41231002258243000150550020003268301438314284|26102023|28102023|7759,6|2|0|0|7759,6|1|0|0|0|7759,6|931,15|0|0|0|0|0|0|0|
|C110|000014||
|C170|1|E46969-102|Acion.vid jan ES-MA-NA-RE-OA-LL-199__-N|320|PÇ|7759,6|0|0|500|2151|2151/AA|7759,6|12|931,15|0|0|0|0|05||0|0|0|98|0|0|0|0|0|98|0|0|0|0|0||0|
|C190|500|2151|12|7759,6|7759,6|931,15|0|0|0|0||
|C100|0|1|B00310001|55|00|002|326831|41231002258243000150550020003268311387750241|26102023|28102023|6061,63|2|0|0|6061,63|1|0|0|0|6061,63|727,4|0|0|0|0|0|0|0|
|C110|000014||
|C170|1|C63445-104|Acion.vid jan ES-MA-OE-RE-AN-LL-341__-N|180|PÇ|6061,63|0|0|000|2151|2151/AA|6061,63|12|727,4|0|0|0|0|05||0|0|0|98|0|0|0|0|0|98|0|0|0|0|0||0|
|C190|000|2151|12|6061,63|6061,63|727,4|0|0|0|0||
|C100|0|1|B00310001|55|00|002|326835|41231002258243000150550020003268351844335925|27102023|28102023|43902,83|2|0|0|43902,83|1|0|0|0|43902,83|5268,34|0|0|0|0|0|0|0|
|C110|000014||
|C170|1|C63446-106|Acion.vid jan ES-MA-OE-LI-AN-LL-341__-N|780|PÇ|22058,93|0|0|500|2151|2151/AA|22058,93|12|2647,07|0|0|0|0|05||0|0|0|98|0|0|0|0|0|98|0|0|0|0|0||0|
|C170|2|C63447-106|Acion.vid jan ES-MA-OE-RE-AN-LL-341__-N|780|PÇ|21843,9|0|0|500|2151|2151/AA|21843,9|12|2621,27|0|0|0|0|05||0|0|0|98|0|0|0|0|0|98|0|0|0|0|0||0|
|C190|500|2151|12|43902,83|43902,83|5268,34|0|0|0|0||
|C100|0|1|B00310001|55|00|002|326836|41231002258243000150550020003268361368136106|27102023|28102023|53494,61|2|0|0|53494,61|1|0|0|0|53494,61|2139,78|0|0|0|0|0|0|0|
|C110|000014||
|C170|1|E47181-104|Acion.vid jan ES-EL-OE-RE-AN-LL-341__-N|840|PÇ|53494,61|0|0|300|2151|2151/AA|53494,61|4|2139,78|0|0|0|0|05||0|0|0|98|0|0|0|0|0|98|0|0|0|0|0||0|
|C190|300|2151|4|53494,61|53494,61|2139,78|0|0|0|0||
|C100|0|1|B00310001|55|00|002|326837|41231002258243000150550020003268371654926862|27102023|28102023|6064,77|2|0|0|6064,77|1|0|0|0|6064,77|727,77|0|0|0|0|0|0|0|
|C110|000014||
|C170|1|C63444-104|Acion.vid jan ES-MA-OE-LI-AN-LL-341__-N|180|PÇ|6064,77|0|0|000|2151|2151/AA|6064,77|12|727,77|0|0|0|0|05||0|0|0|98|0|0|0|0|0|98|0|0|0|0|0||0|
|C190|000|2151|12|6064,77|6064,77|727,77|0|0|0|0||
|C100|0|1|V0002000031|55|00|002|326838|41231002258243000150550020003268381657522182|27102023|28102023|69790|2|0|0|69790|0|0|0|0|0|0|0|0|0|0|0|0|0|
|C110|000015||
|C110|000014||
|C170|1|3044J2-000|GLT FOR-KLBE-M-KU-___-1.200-1.000- 975|82|PÇ|69700|0|0|040|2920|2920/AA|0|0|0|0|0|0|0|05||0|0|0|98|0|0|0|0|0|98|0|0|0|0|0||0|
|C170|2|3044FI-000|VHM TOY-DECK-M-KU-BLA-1.230-1.03|1|PÇ|90|0|0|040|2920|2920/AA|0|0|0|0|0|0|0|05||0|0|0|98|0|0|0|0|0|98|0|0|0|0|0||0|
|C190|040|2920|0|69790|0|0|0|0|0|0||
|C100|1|0|C0000001937|55|00|002|213760|31231002258243000400550020002137601532584344|28102023|28102023|22469,6|1|0|0|21762,34|0|0|0|0|21762,4|1958,62|0|0|707,26|359,08|1653,94|21,76|108,84|
|C110|000001||
|C110|000008||
|C110|000002||
|C110|000003||
|C110|000009||
|C110|000010||
|C110|000004||
|C110|000011||
|C110|000005||
|C110|000012||
|C110|000006||
|C110|000007||
|C110|000013||
|C190|351|5101|18|14382|13929,36|1253,66|0|0|0|452,68||
|C190|551|5101|18|8087,6|7833,04|704,96|0|0|0|254,58||
|C100|1|0|C0001000031|55|00|002|213761|31231002258243000400550020002137611700366660|28102023|28102023|164900|0|0|0|164900|1|0|0|0|0|0|0|0|0|2720,85|12532,4|0|0|
|C110|000016||
|C110|000017||
|C110|000018||
|C110|000019||
|C190|040|6920|0|164900|0|0|0|0|0|0||
|C100|1|0|C0000001937|55|00|002|213762|31231002258243000400550020002137621802144915|28102023|28102023|9525,84|1|0|0|9226|0|0|0|0|9226,04|830,34|0|0|299,84|152,24|701,18|9,22|46,12|
|C110|000001||
|C110|000008||
|C110|000002||
|C110|000003||
|C110|000009||
|C110|000004||
|C110|000005||
|C110|000006||
|C110|000007||
|C190|351|5101|18|9525,84|9226,04|830,34|0|0|0|299,84||
|C100|1|0|C0000001937|55|00|002|213763|31231002258243000400550020002137631410094956|28102023|28102023|15948,38|1|0|0|15446,38|0|0|0|0|15446,48|1390,18|0|0|502|254,88|1173,92|15,44|77,22|
|C110|000001||
|C110|000008||
|C110|000002||
|C110|000003||
|C110|000009||
|C110|000010||
|C110|000004||
|C110|000011||
|C110|000005||
|C110|000012||
|C110|000013||
|C190|351|5101|18|11996,32|11618,76|1045,7|0|0|0|377,6||
|C190|551|5101|18|3952,06|3827,72|344,48|0|0|0|124,4||
|C100|1|0|C0000001937|55|00|002|213764|31231002258243000400550020002137641767504650|28102023|28102023|14096,12|1|0|0|13652,4|0|0|0|0|13652,44|1228,72|0|0|443,72|225,26|1037,58|13,68|68,28|
|C110|000001||
|C110|000008||
|C110|000002||
|C110|000003||
|C110|000009||
|C110|000010||
|C110|000004||
|C110|000011||
|C110|000005||
|C110|000006||
|C110|000007||
|C190|351|5101|18|12274,66|11888,32|1069,94|0|0|0|386,38||
|C190|551|5101|18|1821,46|1764,12|158,78|0|0|0|57,34||
|C100|1|0|C0000001937|55|00|002|213765|31231002258243000400550020002137651724798381|28102023|28102023|13070,2|1|0|0|12658,8|0|0|0|0|12658,88|1139,28|0|0|411,4|208,88|962,1|12,64|63,28|
|C110|000001||
|C110|000008||
|C110|000002||
|C110|000003||
|C110|000009||
|C110|000010||
|C110|000004||
|C110|000011||
|C110|000005||
|C110|000012||
|C110|000006||
|C110|000007||
|C110|000013||
|C190|351|5101|18|11046,32|10698,68|962,88|0|0|0|347,7||
|C190|551|5101|18|2023,88|1960,2|176,4|0|0|0|63,7||
|C100|1|0|C0000001937|55|00|002|213766|31231002258243000400550020002137661603751683|28102023|28102023|14707,82|1|0|0|14244,88|0|0|0|0|14245|1282,04|0|0|462,94|235,04|1082,6|14,22|71,22|
|C110|000001||
|C110|000008||
|C110|000002||
|C110|000003||
|C110|000009||
|C110|000010||
|C110|000004||
|C110|000011||
|C110|000005||
|C110|000012||
|C110|000006||
|C110|000007||
|C110|000013||
|C190|351|5101|18|10680,94|10344,8|931,02|0|0|0|336,2||
|C190|551|5101|18|4026,88|3900,2|351,02|0|0|0|126,74||
|C100|1|0|C0000001937|55|00|002|213767|31231002258243000400550020002137671017142184|28102023|28102023|23170,72|1|0|0|22441,36|0|0|0|0|22441,44|2019,74|0|0|729,36|370,28|1705,54|22,44|112,22|
|C110|000001||
|C110|000008||
|C110|000002||
|C110|000003||
|C110|000009||
|C110|000010||
|C110|000004||
|C110|000011||
|C110|000005||
|C110|000012||
|C110|000013||
|C190|351|5101|18|12089,22|11708,72|1053,78|0|0|0|380,54||
|C190|551|5101|18|11081,5|10732,72|965,96|0|0|0|348,82||
|C100|1|0|C0000001937|55|00|002|213768|31231002258243000400550020002137681914430484|28102023|28102023|14279,98|1|0|0|13830,48|0|0|0|0|13830,52|1244,74|0|0|449,5|228,18|1051,12|13,84|69,18|
|C110|000001||
|C110|000008||
|C110|000002||
|C110|000003||
|C110|000009||
|C110|000010||
|C110|000004||
|C110|000011||
|C110|000005||
|C110|000012||
|C110|000013||
|C190|351|5101|18|9884,5|9573,36|861,6|0|0|0|311,14||
|C190|551|5101|18|4395,48|4257,16|383,14|0|0|0|138,36||
|C100|1|0|C0000001937|55|00|002|213769|31231002258243000400550020002137691617086719|28102023|28102023|14148,46|1|0|0|13703,1|0|0|0|0|13703,16|1233,28|0|0|445,36|226,08|1041,44|13,7|68,52|
|C110|000001||
|C110|000008||
|C110|000002||
|C110|000003||
|C110|000009||
|C110|000010||
|C110|000004||
|C110|000011||
|C110|000005||
|C110|000012||
|C110|000013||
|C190|351|5101|18|8091,46|7836,76|705,3|0|0|0|254,7||
|C190|551|5101|18|6057|5866,4|527,98|0|0|0|190,66||
|C100|1|0|C0000001937|55|00|002|213770|31231002258243000400550020002137701794014894|28102023|28102023|15049,64|1|0|0|14575,92|0|0|0|0|14575,96|1311,82|0|0|473,72|240,5|1107,78|14,58|72,9|
|C110|000001||
|C110|000008||
|C110|000002||
|C110|000003||
|C110|000009||
|C110|000010||
|C110|000004||
|C110|000011||
|C110|000005||
|C190|351|5101|18|11278,04|10923,08|983,06|0|0|0|355||
|C190|551|5101|18|3771,6|3652,88|328,76|0|0|0|118,72||
|C100|1|0|C0000001937|55|00|002|213771|31231002258243000400550020002137711577557650|28102023|28102023|12396,16|1|0|0|12005,98|0|0|0|0|12006,04|1080,56|0|0|390,18|198,08|912,48|12|60,02|
|C110|000001||
|C110|000008||
|C110|000002||
|C110|000003||
|C110|000009||
|C110|000010||
|C110|000004||
|C110|000011||
|C110|000005||
|C110|000012||
|C110|000013||
|C190|351|5101|18|7327,1|7096,48|638,68|0|0|0|230,64||
|C190|551|5101|18|5069,06|4909,56|441,88|0|0|0|159,54||
|C100|1|0|C0000001937|55|00|002|213772|31231002258243000400550020002137721121126440|28102023|28102023|12242,56|1|0|0|11857,24|0|0|0|0|11857,32|1067,16|0|0|385,32|195,64|901,16|11,86|59,26|
|C110|000001||
|C110|000008||
|C110|000002||
|C110|000003||
|C110|000009||
|C110|000010||
|C110|000004||
|C110|000011||
|C110|000005||
|C110|000012||
|C110|000013||
|C190|351|5101|18|7680,5|7438,8|669,48|0|0|0|241,74||
|C190|551|5101|18|4562,06|4418,52|397,68|0|0|0|143,58||
|C100|1|0|C0000001937|55|00|002|213773|31231002258243000400550020002137731807576370|28102023|28102023|15546,62|1|0|0|15057,24|0|0|0|0|15057,32|1355,16|0|0|489,38|248,42|1144,32|15,06|75,3|
|C110|000001||
|C110|000008||
|C110|000002||
|C110|000003||
|C110|000009||
|C110|000010||
|C110|000004||
|C110|000011||
|C110|000005||
|C110|000012||
|C110|000013||
|C190|351|5101|18|9008,74|8725,2|785,26|0|0|0|283,58||
|C190|551|5101|18|6537,88|6332,12|569,9|0|0|0|205,8||
|C100|1|0|C0000001937|55|00|002|213774|31231002258243000400550020002137741511787349|28102023|28102023|13282,16|1|0|0|12864,08|0|0|0|0|12864,16|1157,76|0|0|418,08|212,24|977,66|12,88|64,32|
|C110|000001||
|C110|000008||
|C110|000002||
|C110|000003||
|C110|000009||
|C110|000010||
|C110|000004||
|C110|000011||
|C110|000005||
|C110|000012||
|C110|000013||
|C190|351|5101|18|9595,16|9293,2|836,38|0|0|0|302,02||
|C190|551|5101|18|3687|3570,96|321,38|0|0|0|116,06||
|C100|1|0|C0000001937|55|00|002|213775|31231002258243000400550020002137751230989492|28102023|28102023|6752,84|1|0|0|6540,28|0|0|0|0|6540,28|588,62|0|0|212,56|107,92|497,08|6,54|32,7|
|C110|000001||
|C110|000008||
|C110|000002||
|C110|000003||
|C110|000009||
|C110|000004||
|C110|000005||
|C190|351|5101|18|6752,84|6540,28|588,62|0|0|0|212,56||
|C100|1|0|C0000001937|55|00|002|213776|31231002258243000400550020002137761466778069|28102023|28102023|12433,56|1|0|0|12042,18|0|0|0|0|12042,2|1083,82|0|0|391,38|198,7|915,22|12,04|60,2|
|C110|000001||
|C110|000008||
|C110|000002||
|C110|000003||
|C110|000009||
|C110|000010||
|C110|000004||
|C110|000011||
|C110|000005||
|C110|000012||
|C110|000013||
|C190|351|5101|18|7924,8|7675,36|690,8|0|0|0|249,46||
|C190|551|5101|18|4508,76|4366,84|393,02|0|0|0|141,92||
|C100|1|0|C0000001937|55|00|002|213777|31231002258243000400550020002137771997969164|28102023|28102023|13901,78|1|0|0|13464,22|0|0|0|0|13464,28|1211,8|0|0|437,56|222,16|1023,28|13,46|67,32|
|C110|000001||
|C110|000008||
|C110|000002||
|C110|000003||
|C110|000009||
|C110|000010||
|C110|000004||
|C110|000011||
|C110|000005||
|C110|000006||
|C110|000007||
|C110|000012||
|C110|000013||
|C190|351|5101|18|7924,84|7675,44|690,8|0|0|0|249,44||
|C190|551|5101|18|5976,94|5788,84|521|0|0|0|188,12||
|C100|1|0|C0000001937|55|00|002|213778|31231002258243000400550020002137781260612143|30102023|30102023|14584,12|1|0|0|14125,04|0|0|0|0|14125,08|1271,26|0|0|459,08|233,08|1073,5|14,14|70,62|
|C110|000001||
|C110|000008||
|C110|000002||
|C110|000003||
|C110|000009||
|C110|000010||
|C110|000004||
|C110|000011||
|C110|000005||
|C110|000012||
|C110|000013||
|C190|351|5101|18|9519,64|9220|829,8|0|0|0|299,66||
|C190|551|5101|18|5064,48|4905,08|441,46|0|0|0|159,42||
|C100|1|0|C0000001937|55|00|002|213779|31231002258243000400550020002137791356180063|30102023|30102023|17223,84|1|0|0|16681,68|0|0|0|0|16681,76|1501,34|0|0|542,16|275,24|1267,82|16,68|83,42|
|C110|000001||
|C110|000008||
|C110|000002||
|C110|000003||
|C110|000009||
|C110|000010||
|C110|000004||
|C110|000011||
|C110|000005||
|C110|000012||
|C110|000013||
|C190|351|5101|18|11241,18|10887,36|979,86|0|0|0|353,84||
|C190|551|5101|18|5982,66|5794,4|521,48|0|0|0|188,32||
|C100|1|0|C0000001937|55|00|002|213780|31231002258243000400550020002137801250991514|30102023|30102023|16755,4|1|0|0|16227,98|0|0|0|0|16228,04|1460,54|0|0|527,42|267,74|1233,34|16,2|81,14|
|C110|000001||
|C110|000008||
|C110|000002||
|C110|000003||
|C110|000009||
|C110|000010||
|C110|000004||
|C110|000011||
|C110|000005||
|C110|000012||
|C110|000013||
|C190|351|5101|18|11398,2|11039,4|993,56|0|0|0|358,8||
|C190|551|5101|18|5357,2|5188,64|466,98|0|0|0|168,62||
|C100|1|0|C0000001937|55|00|002|213781|31231002258243000400550020002137811778204068|30102023|30102023|17621,46|1|0|0|17066,8|0|0|0|0|17066,92|1536,02|0|0|554,66|281,58|1297,06|17,08|85,32|
|C110|000001||
|C110|000008||
|C110|000003||
|C110|000009||
|C110|000010||
|C110|000011||
|C110|000005||
|C110|000002||
|C110|000006||
|C110|000007||
|C110|000004||
|C110|000012||
|C110|000013||
|C190|351|5101|18|12344,22|11955,72|1076,02|0|0|0|388,56||
|C190|551|5101|18|5277,24|5111,2|460|0|0|0|166,1||
|C100|1|0|C0000001937|55|00|002|213782|31231002258243000400550020002137821186464436|30102023|30102023|16820,52|1|0|0|16291,06|0|0|0|0|16291,12|1466,18|0|0|529,46|268,78|1238,14|16,3|81,44|
|C110|000001||
|C110|000008||
|C110|000003||
|C110|000009||
|C110|000010||
|C110|000011||
|C110|000005||
|C110|000002||
|C110|000004||
|C110|000012||
|C110|000013||
|C190|351|5101|18|11287,5|10932,24|983,88|0|0|0|355,3||
|C190|551|5101|18|5533,02|5358,88|482,3|0|0|0|174,16||
|C100|1|0|C0000001937|55|00|002|213783|31231002258243000400550020002137831200422402|30102023|30102023|16288,62|1|0|0|15775,9|0|0|0|0|15775,96|1419,86|0|0|512,72|260,28|1198,98|15,76|78,84|
|C110|000001||
|C110|000008||
|C110|000003||
|C110|000009||
|C110|000005||
|C110|000002||
|C110|000010||
|C110|000004||
|C110|000011||
|C110|000012||
|C110|000013||
|C190|351|5101|18|10568,94|10236,28|921,28|0|0|0|332,68||
|C190|551|5101|18|5719,68|5539,68|498,58|0|0|0|180,04||
|C100|1|0|C0000001937|55|00|002|213273|31231002258243000400550020002132731150637920|02102023|02102023|16163,14|1|0|0|15654,38|0|0|0|0|15654,44|1408,92|0|0|508,76|258,3|1189,74|15,64|78,26|
|C110|000001||
|C110|000006||
|C110|000007||
|C110|000008||
|C110|000002||
|C110|000012||
|C110|000003||
|C110|000009||
|C110|000010||
|C110|000004||
|C110|000011||
|C110|000013||
|C110|000005||
|C190|351|5101|18|9804,3|9495,72|854,64|0|0|0|308,6||
|C190|551|5101|18|6358,84|6158,72|554,28|0|0|0|200,16||
|C100|1|0|C0000001937|55|00|002|213784|31231002258243000400550020002137841612296657|30102023|30102023|14317,46|1|0|0|13866,76|0|0|0|0|13866,84|1248|0|0|450,7|228,78|1053,88|13,86|69,32|
|C110|000001||
|C110|000008||
|C110|000009||
|C110|000002||
|C110|000003||
|C110|000006||
|C110|000007||
|C110|000010||
|C110|000004||
|C110|000011||
|C110|000005||
|C110|000012||
|C110|000013||
|C190|351|5101|18|9515,96|9216,44|829,46|0|0|0|299,56||
|C190|551|5101|18|4801,5|4650,4|418,54|0|0|0|151,14||
|C100|1|0||55|02|002|213785|31231002258243000400550020002137851266922866|||||||||||||||||||||
|C100|1|0|C0000001937|55|00|002|213786|31231002258243000400550020002137861556626043|30102023|30102023|14918,48|1|0|0|14448,9|0|0|0|0|14448,96|1300,4|0|0|469,58|238,42|1098,12|14,46|72,26|
|C110|000001||
|C110|000008||
|C110|000009||
|C110|000003||
|C110|000010||
|C110|000011||
|C110|000005||
|C110|000012||
|C110|000013||
|C190|351|5101|18|6661,2|6451,56|580,64|0|0|0|209,66||
|C190|551|5101|18|8257,28|7997,4|719,76|0|0|0|259,92||
|C100|1|0|C0000001937|55|00|002|213787|31231002258243000400550020002137871564623403|30102023|30102023|16299,64|1|0|0|15786,58|0|0|0|0|15786,64|1420,8|0|0|513,06|260,46|1199,78|15,8|78,94|
|C110|000001||
|C110|000008||
|C110|000009||
|C110|000002||
|C110|000003||
|C110|000006||
|C110|000007||
|C110|000010||
|C110|000004||
|C110|000011||
|C110|000005||
|C190|351|5101|18|10367,2|10040,92|903,68|0|0|0|326,32||
|C190|551|5101|18|5932,44|5745,72|517,12|0|0|0|186,74||
|C100|1|0|C0000001937|55|00|002|213788|31231002258243000400550020002137881794747225|30102023|30102023|6199,42|1|0|0|6004,28|0|0|0|0|6004,32|540,38|0|0|195,14|99,06|456,32|6,02|30,02|
|C110|000001||
|C110|000002||
|C110|000003||
|C110|000006||
|C110|000007||
|C110|000004||
|C110|000005||
|C190|351|5101|18|6199,42|6004,32|540,38|0|0|0|195,14||
|C100|1|0|C0000001937|55|00|002|213789|31231002258243000400550020002137891670670996|30102023|30102023|14676,86|1|0|0|14214,88|0|0|0|0|14214,96|1279,34|0|0|461,98|234,54|1080,34|14,22|71,08|
|C110|000001||
|C110|000008||
|C110|000009||
|C110|000002||
|C110|000003||
|C110|000006||
|C110|000007||
|C110|000010||
|C110|000004||
|C110|000011||
|C110|000005||
|C110|000012||
|C110|000013||
|C190|351|5101|18|9854,34|9544,2|858,98|0|0|0|310,18||
|C190|551|5101|18|4822,52|4670,76|420,36|0|0|0|151,8||
|C100|1|0|C0000001937|55|00|002|213790|31231002258243000400550020002137901692331656|30102023|30102023|15056,18|1|0|0|14582,26|0|0|0|0|14582,36|1312,4|0|0|473,92|240,58|1108,24|14,58|72,9|
|C110|000001||
|C110|000008||
|C110|000009||
|C110|000002||
|C110|000003||
|C110|000006||
|C110|000007||
|C110|000010||
|C110|000004||
|C110|000011||
|C110|000005||
|C110|000012||
|C110|000013||
|C190|351|5101|18|9197,1|8907,64|801,68|0|0|0|289,5||
|C190|551|5101|18|5859,08|5674,72|510,72|0|0|0|184,42||
|C100|1|0|C0000001937|55|00|002|213791|31231002258243000400550020002137911669144184|30102023|30102023|15640,52|1|0|0|15148,18|0|0|0|0|15148,24|1363,34|0|0|492,34|249,92|1151,24|15,14|75,74|
|C110|000001||
|C110|000008||
|C110|000009||
|C110|000002||
|C110|000003||
|C110|000010||
|C110|000004||
|C110|000011||
|C110|000005||
|C110|000012||
|C110|000013||
|C190|351|5101|18|10203,32|9882,16|889,4|0|0|0|321,18||
|C190|551|5101|18|5437,2|5266,08|473,94|0|0|0|171,16||
|C100|1|0|C0000001937|55|00|002|213792|31231002258243000400550020002137921252442209|30102023|30102023|14020,54|1|0|0|13579,2|0|0|0|0|13579,28|1222,14|0|0|441,34|224,04|1032,02|13,56|67,88|
|C110|000001||
|C110|000008||
|C110|000009||
|C110|000002||
|C110|000003||
|C110|000010||
|C110|000004||
|C110|000011||
|C110|000005||
|C110|000012||
|C110|000013||
|C190|351|5101|18|8817,64|8540,12|768,6|0|0|0|277,56||
|C190|551|5101|18|5202,9|5039,16|453,54|0|0|0|163,78||
|C100|1|0|C0000001937|55|00|002|213793|31231002258243000400550020002137931525506849|30102023|30102023|14581,4|1|0|0|14122,42|0|0|0|0|14122,52|1271,02|0|0|458,98|233|1073,3|14,12|70,6|
|C110|000001||
|C110|000008||
|C110|000009||
|C110|000002||
|C110|000003||
|C110|000010||
|C110|000004||
|C110|000011||
|C110|000005||
|C110|000012||
|C110|000013||
|C190|351|5101|18|9229,32|8938,84|804,5|0|0|0|290,52||
|C190|551|5101|18|5352,08|5183,68|466,52|0|0|0|168,46||
|C100|1|0|C0000001937|55|00|002|213794|31231002258243000400550020002137941854007599|30102023|30102023|14687,74|1|0|0|14225,38|0|0|0|0|14225,44|1280,28|0|0|462,36|234,72|1081,12|14,24|71,12|
|C110|000001||
|C110|000008||
|C110|000002||
|C110|000003||
|C110|000009||
|C110|000010||
|C110|000004||
|C110|000011||
|C110|000005||
|C110|000012||
|C110|000013||
|C190|351|5101|18|7477,78|7242,4|651,82|0|0|0|235,4||
|C190|551|5101|18|7209,96|6983,04|628,46|0|0|0|226,96||
|C100|1|0|C0000001937|55|00|002|213795|31231002258243000400550020002137951013915558|30102023|30102023|17053,78|1|0|0|16516,96|0|0|0|0|16517,04|1486,5|0|0|536,82|272,54|1255,28|16,5|82,58|
|C110|000001||
|C110|000008||
|C110|000002||
|C110|000003||
|C110|000009||
|C110|000010||
|C110|000004||
|C110|000011||
|C110|000005||
|C110|000012||
|C110|000013||
|C190|351|5101|18|9182,54|8893,52|800,4|0|0|0|289,06||
|C190|551|5101|18|7871,24|7623,52|686,1|0|0|0|247,76||
|C100|1|0|C0000001937|55|00|002|213796|31231002258243000400550020002137961185172720|30102023|30102023|14816,16|1|0|0|14349,78|0|0|0|0|14349,88|1291,48|0|0|466,38|236,78|1090,6|14,34|71,74|
|C110|000001||
|C110|000008||
|C110|000002||
|C110|000003||
|C110|000009||
|C110|000010||
|C110|000004||
|C110|000011||
|C110|000005||
|C110|000012||
|C110|000013||
|C190|351|5101|18|10308,38|9983,96|898,56|0|0|0|324,48||
|C190|551|5101|18|4507,78|4365,92|392,92|0|0|0|141,9||
|C100|1|0|C0000001937|55|00|002|213797|31231002258243000400550020002137971207319300|30102023|30102023|8358,64|1|0|0|8095,52|0|0|0|0|8095,56|728,6|0|0|263,12|133,58|615,26|8,08|40,48|
|C110|000001||
|C110|000008||
|C110|000002||
|C110|000003||
|C110|000009||
|C110|000004||
|C110|000005||
|C190|351|5101|18|8358,64|8095,56|728,6|0|0|0|263,12||
|C100|1|0|C0000001937|55|00|002|213798|31231002258243000400550020002137981163666571|30102023|30102023|14498,52|1|0|0|14042,16|0|0|0|0|14042,24|1263,8|0|0|456,36|231,68|1067,18|14,06|70,22|
|C110|000001||
|C110|000008||
|C110|000002||
|C110|000003||
|C110|000009||
|C110|000010||
|C110|000004||
|C110|000011||
|C110|000005||
|C110|000012||
|C110|000013||
|C190|351|5101|18|10070,24|9753,32|877,78|0|0|0|316,98||
|C190|551|5101|18|4428,28|4288,92|386,02|0|0|0|139,38||
|C100|1|0|C0000001937|55|00|002|213799|31231002258243000400550020002137991885398510|30102023|30102023|21026,24|1|0|0|20364,38|0|0|0|0|20364,48|1832,8|0|0|661,86|336|1547,72|20,38|101,82|
|C110|000001||
|C110|000008||
|C110|000002||
|C110|000003||
|C110|000009||
|C110|000010||
|C110|000004||
|C110|000011||
|C110|000005||
|C110|000012||
|C110|000013||
|C190|351|5101|18|11752,86|11382,96|1024,46|0|0|0|369,96||
|C190|551|5101|18|9273,38|8981,52|808,34|0|0|0|291,9||
|C100|1|0|C0000001937|55|00|002|213800|31231002258243000400550020002138001258811609|30102023|30102023|9570,04|1|0|0|9268,8|0|0|0|0|9268,8|834,2|0|0|301,24|152,94|704,42|9,26|46,36|
|C110|000001||
|C110|000002||
|C110|000003||
|C110|000004||
|C110|000005||
|C190|351|5101|18|9570,04|9268,8|834,2|0|0|0|301,24||
|C100|1|0|C0000001937|55|00|002|213801|31231002258243000400550020002138011271730266|30102023|30102023|14388,7|1|0|0|13935,8|0|0|0|0|13935,88|1254,22|0|0|452,9|229,94|1059,1|13,94|69,7|
|C110|000001||
|C110|000008||
|C110|000002||
|C110|000003||
|C110|000006||
|C110|000007||
|C110|000009||
|C110|000010||
|C110|000004||
|C110|000011||
|C110|000005||
|C110|000012||
|C110|000013||
|C190|351|5101|18|9949,68|9636,56|867,28|0|0|0|313,18||
|C190|551|5101|18|4439,02|4299,32|386,94|0|0|0|139,72||
|C100|1|0|C0000001937|55|00|002|213802|31231002258243000400550020002138021333660131|30102023|30102023|14309,22|1|0|0|13858,82|0|0|0|0|13858,88|1247,28|0|0|450,4|228,66|1053,28|13,86|69,28|
|C110|000001||
|C110|000008||
|C110|000002||
|C110|000003||
|C110|000009||
|C110|000010||
|C110|000004||
|C110|000011||
|C110|000005||
|C110|000012||
|C110|000013||
|C190|351|5101|18|8631,64|8359,96|752,38|0|0|0|271,7||
|C190|551|5101|18|5677,58|5498,92|494,9|0|0|0|178,7||
|C100|1|0|C0000001937|55|00|002|213803|31231002258243000400550020002138031634009240|30102023|30102023|13427,52|1|0|0|13004,84|0|0|0|0|13004,92|1170,42|0|0|422,68|214,58|988,36|13,02|65,04|
|C110|000001||
|C110|000008||
|C110|000002||
|C110|000003||
|C110|000009||
|C110|000010||
|C110|000004||
|C110|000011||
|C110|000005||
|C110|000012||
|C110|000013||
|C190|351|5101|18|7076,78|6854,04|616,84|0|0|0|222,78||
|C190|551|5101|18|6350,74|6150,88|553,58|0|0|0|199,9||
|C100|1|0|C0000001937|55|00|002|213804|31231002258243000400550020002138041979416140|31102023|31102023|15447,64|1|0|0|14961,4|0|0|0|0|14961,44|1346,54|0|0|486,24|246,84|1137,06|14,98|74,82|
|C110|000001||
|C110|000008||
|C110|000002||
|C110|000003||
|C110|000009||
|C110|000010||
|C110|000004||
|C110|000011||
|C110|000005||
|C110|000012||
|C110|000013||
|C190|351|5101|18|10458,52|10129,32|911,64|0|0|0|329,2||
|C190|551|5101|18|4989,12|4832,12|434,9|0|0|0|157,04||
|C100|1|0|C0000001937|55|00|002|213805|31231002258243000400550020002138051463330923|31102023|31102023|14252,38|1|0|0|13803,76|0|0|0|0|13803,84|1242,34|0|0|448,62|227,76|1049,08|13,82|69,02|
|C110|000001||
|C110|000008||
|C110|000002||
|C110|000003||
|C110|000009||
|C110|000010||
|C110|000004||
|C110|000011||
|C110|000005||
|C110|000012||
|C110|000013||
|C190|351|5101|18|9664,66|9360,48|842,44|0|0|0|304,22||
|C190|551|5101|18|4587,72|4443,36|399,9|0|0|0|144,4||
|C100|1|0|C0000001937|55|00|002|213806|31231002258243000400550020002138061471905910|31102023|31102023|17519,08|1|0|0|16967,62|0|0|0|0|16967,68|1527,12|0|0|551,46|279,94|1289,56|16,98|84,84|
|C110|000001||
|C110|000008||
|C110|000002||
|C110|000003||
|C110|000009||
|C110|000004||
|C110|000005||
|C110|000010||
|C110|000011||
|C110|000012||
|C110|000013||
|C190|351|5101|18|11143,24|10792,48|971,34|0|0|0|350,78||
|C190|551|5101|18|6375,84|6175,2|555,78|0|0|0|200,68||
|C100|1|0|C0000001937|55|00|002|213807|31231002258243000400550020002138071079047867|31102023|31102023|17761,8|1|0|0|17202,7|0|0|0|0|17202,76|1548,26|0|0|559,1|283,84|1307,4|17,2|86|
|C110|000001||
|C110|000008||
|C110|000002||
|C110|000003||
|C110|000009||
|C110|000004||
|C110|000005||
|C110|000010||
|C110|000011||
|C110|000012||
|C110|000013||
|C190|351|5101|18|13050,52|12639,76|1137,58|0|0|0|410,8||
|C190|551|5101|18|4711,28|4563|410,68|0|0|0|148,3||
|C100|1|0|C0000001937|55|00|002|213808|31231002258243000400550020002138081526730593|31102023|31102023|15959,6|1|0|0|15457,24|0|0|0|0|15457,28|1391,14|0|0|502,36|255,02|1174,74|15,48|77,28|
|C110|000001||
|C110|000008||
|C110|000003||
|C110|000009||
|C110|000005||
|C110|000002||
|C110|000010||
|C110|000004||
|C110|000011||
|C110|000012||
|C110|000013||
|C190|351|5101|18|10997,68|10651,52|958,64|0|0|0|346,18||
|C190|551|5101|18|4961,92|4805,76|432,5|0|0|0|156,18||
|C100|1|0|C0000001937|55|00|002|213809|31231002258243000400550020002138091996322480|31102023|31102023|14466,88|1|0|0|14011,5|0|0|0|0|14011,56|1261,04|0|0|455,38|231,2|1064,88|14,02|70,08|
|C110|000001||
|C110|000008||
|C110|000003||
|C110|000009||
|C110|000005||
|C110|000002||
|C110|000010||
|C110|000004||
|C110|000011||
|C190|351|5101|18|11678,04|11310,48|1017,94|0|0|0|367,6||
|C190|551|5101|18|2788,84|2701,08|243,1|0|0|0|87,78||
|C100|0|1|B00310001|55|00|002|326879|41231002258243000150550020003268791839778304|30102023|31102023|29268,55|2|0|0|29268,55|1|0|0|0|29268,55|3512,22|0|0|0|0|0|0|0|
|C110|000014||
|C170|1|C63446-106|Acion.vid jan ES-MA-OE-LI-AN-LL-341__-N|520|PÇ|14705,95|0|0|500|2151|2151/AA|14705,95|12|1764,71|0|0|0|0|05||0|0|0|98|0|0|0|0|0|98|0|0|0|0|0||0|
|C170|2|C63447-106|Acion.vid jan ES-MA-OE-RE-AN-LL-341__-N|520|PÇ|14562,6|0|0|500|2151|2151/AA|14562,6|12|1747,51|0|0|0|0|05||0|0|0|98|0|0|0|0|0|98|0|0|0|0|0||0|
|C190|500|2151|12|29268,55|29268,55|3512,22|0|0|0|0||
|C100|0|1|B00310001|55|00|002|326880|41231002258243000150550020003268801390780169|30102023|31102023|30568,35|2|0|0|30568,35|1|0|0|0|30568,35|1222,73|0|0|0|0|0|0|0|
|C110|000014||
|C170|1|E47181-104|Acion.vid jan ES-EL-OE-RE-AN-LL-341__-N|480|PÇ|30568,35|0|0|300|2151|2151/AA|30568,35|4|1222,73|0|0|0|0|05||0|0|0|98|0|0|0|0|0|98|0|0|0|0|0||0|
|C190|300|2151|4|30568,35|30568,35|1222,73|0|0|0|0||
|C100|0|1|B00310001|55|00|002|326881|41231002258243000150550020003268811800247675|30102023|31102023|254580,57|2|0|0|254580,57|1|0|0|0|254580,57|10183,23|0|0|0|0|0|0|0|
|C110|000014||
|C170|1|C63442-106|Acion.vid jan ES-EL-OE-LI-AN-LL-341__-N|2160|PÇ|129821,18|0|0|300|2151|2151/AA|129821,18|4|5192,85|0|0|0|0|05||0|0|0|98|0|0|0|0|0|98|0|0|0|0|0||0|
|C170|2|C63443-106|Acion.vid jan ES-EL-OE-RE-AN-LL-341__-N|2040|PÇ|124759,39|0|0|300|2151|2151/AA|124759,39|4|4990,38|0|0|0|0|05||0|0|0|98|0|0|0|0|0|98|0|0|0|0|0||0|
|C190|300|2151|4|254580,57|254580,57|10183,23|0|0|0|0||
|C100|0|1|B00310001|55|00|002|326882|41231002258243000150550020003268821176463101|30102023|31102023|170369,84|2|0|0|170369,84|1|0|0|0|170369,84|20444,38|0|0|0|0|0|0|0|
|C110|000014||
|C170|1|E46965-102|Acion.vid jan ES-EL-OE-RE-AN-LL-X6H__-N|1920|PÇ|97341,39|0|0|500|2151|2151/AA|97341,39|12|11680,97|0|0|0|0|05||0|0|0|98|0|0|0|0|0|98|0|0|0|0|0||0|
|C170|2|E46966-102|Acion.vid jan ES-EL-OE-LI-AN-LL-X6H__-N|1440|PÇ|73028,45|0|0|500|2151|2151/AA|73028,45|12|8763,41|0|0|0|0|05||0|0|0|98|0|0|0|0|0|98|0|0|0|0|0||0|
|C190|500|2151|12|170369,84|170369,84|20444,38|0|0|0|0||
|C100|0|1|B00310001|55|00|002|326883|41231002258243000150550020003268831881879027|30102023|31102023|37856,63|2|0|0|37856,63|1|0|0|0|37856,63|1514,27|0|0|0|0|0|0|0|
|C110|000014||
|C170|1|E47182-104|Acion.vid jan ES-EL-OE-LI-AN-LL-341__-N|600|PÇ|37856,63|0|0|300|2151|2151/AA|37856,63|4|1514,27|0|0|0|0|05||0|0|0|98|0|0|0|0|0|98|0|0|0|0|0||0|
|C190|300|2151|4|37856,63|37856,63|1514,27|0|0|0|0||
|C100|0|1|B00310001|55|00|002|326884|41231002258243000150550020003268841804556178|30102023|31102023|7761,82|2|0|0|7761,82|1|0|0|0|7761,82|931,42|0|0|0|0|0|0|0|
|C110|000014||
|C170|1|E46970-102|Acion.vid jan ES-MA-NA-LI-OA-LL-199__-N|320|PÇ|7761,82|0|0|500|2151|2151/AA|7761,82|12|931,42|0|0|0|0|05||0|0|0|98|0|0|0|0|0|98|0|0|0|0|0||0|
|C190|500|2151|12|7761,82|7761,82|931,42|0|0|0|0||
|C100|0|1|B00310001|55|00|002|326885|41231002258243000150550020003268851368858440|30102023|31102023|7759,6|2|0|0|7759,6|1|0|0|0|7759,6|931,15|0|0|0|0|0|0|0|
|C110|000014||
|C170|1|E46969-102|Acion.vid jan ES-MA-NA-RE-OA-LL-199__-N|320|PÇ|7759,6|0|0|500|2151|2151/AA|7759,6|12|931,15|0|0|0|0|05||0|0|0|98|0|0|0|0|0|98|0|0|0|0|0||0|
|C190|500|2151|12|7759,6|7759,6|931,15|0|0|0|0||
|C100|0|1|B00310001|55|00|002|326886|41231002258243000150550020003268861935480650|30102023|31102023|6061,63|2|0|0|6061,63|1|0|0|0|6061,63|727,4|0|0|0|0|0|0|0|
|C110|000014||
|C170|1|C63445-104|Acion.vid jan ES-MA-OE-RE-AN-LL-341__-N|180|PÇ|6061,63|0|0|000|2151|2151/AA|6061,63|12|727,4|0|0|0|0|05||0|0|0|98|0|0|0|0|0|98|0|0|0|0|0||0|
|C190|000|2151|12|6061,63|6061,63|727,4|0|0|0|0||
|C100|0|1|V0002000031|55|00|002|326889|41231002258243000150550020003268891800091681|30102023|31102023|68850|2|0|0|68850|0|0|0|0|0|0|0|0|0|0|0|0|0|
|C110|000015||
|C110|000014||
|C170|1|3044J2-000|GLT FOR-KLBE-M-KU-___-1.200-1.000- 975|81|PÇ|68850|0|0|040|2920|2920/AA|0|0|0|0|0|0|0|05||0|0|0|98|0|0|0|0|0|98|0|0|0|0|0||0|
|C190|040|2920|0|68850|0|0|0|0|0|0||
|C100|1|0|C0000001937|55|00|002|213810|31231002258243000400550020002138101117830409|31102023|31102023|13121,16|1|0|0|12708,14|0|0|0|0|12708,24|1143,74|0|0|413,02|209,7|965,82|12,7|63,54|
|C110|000001||
|C110|000008||
|C110|000009||
|C110|000002||
|C110|000003||
|C110|000010||
|C110|000004||
|C110|000011||
|C110|000005||
|C110|000012||
|C110|000013||
|C190|351|5101|18|10465,6|10136,24|912,26|0|0|0|329,42||
|C190|551|5101|18|2655,56|2572|231,48|0|0|0|83,6||
|C100|1|0|C0000001937|55|00|002|213811|31231002258243000400550020002138111827569304|31102023|31102023|7309,22|1|0|0|7079,16|0|0|0|0|7079,24|637,12|0|0|230,06|116,8|538,02|7,08|35,42|
|C110|000001||
|C110|000008||
|C110|000009||
|C110|000003||
|C110|000010||
|C110|000011||
|C110|000005||
|C110|000012||
|C110|000013||
|C190|351|5101|18|2854,8|2764,96|248,84|0|0|0|89,86||
|C190|551|5101|18|4454,42|4314,28|388,28|0|0|0|140,2||
|C100|1|0|C0000001937|55|00|002|213812|31231002258243000400550020002138121788873726|31102023|31102023|14479,52|1|0|0|14023,76|0|0|0|0|14023,84|1262,16|0|0|455,76|231,38|1065,8|14,04|70,1|
|C110|000001||
|C110|000008||
|C110|000009||
|C110|000002||
|C110|000003||
|C110|000010||
|C110|000004||
|C110|000011||
|C110|000005||
|C110|000012||
|C110|000013||
|C190|351|5101|18|8898,78|8618,72|775,68|0|0|0|280,1||
|C190|551|5101|18|5580,74|5405,12|486,48|0|0|0|175,66||
|C100|1|0|C0000001937|55|00|002|213813|31231002258243000400550020002138131132359314|31102023|31102023|7315,4|1|0|0|7085,12|0|0|0|0|7085,16|637,66|0|0|230,28|116,9|538,48|7,1|35,44|
|C110|000001||
|C110|000008||
|C110|000009||
|C110|000002||
|C110|000003||
|C110|000004||
|C110|000005||
|C190|351|5101|18|7315,4|7085,16|637,66|0|0|0|230,28||
|C100|1|0|C0000001937|55|00|002|213814|31231002258243000400550020002138141443141490|31102023|31102023|15615,06|1|0|0|15123,52|0|0|0|0|15123,56|1361,12|0|0|491,54|249,54|1149,36|15,14|75,62|
|C110|000001||
|C110|000008||
|C110|000009||
|C110|000002||
|C110|000003||
|C110|000010||
|C110|000004||
|C110|000011||
|C110|000005||
|C110|000012||
|C110|000013||
|C190|351|5101|18|8143,62|7887,28|709,86|0|0|0|256,34||
|C190|551|5101|18|7471,44|7236,28|651,26|0|0|0|235,2||
|C100|1|0|C0000001937|55|00|002|213815|31231002258243000400550020002138151466949734|31102023|31102023|14754,02|1|0|0|14289,6|0|0|0|0|14289,68|1286,08|0|0|464,42|235,78|1086|14,26|71,44|
|C110|000001||
|C110|000008||
|C110|000006||
|C110|000007||
|C110|000009||
|C110|000002||
|C110|000003||
|C110|000010||
|C110|000004||
|C110|000011||
|C110|000005||
|C110|000012||
|C110|000013||
|C190|351|5101|18|8846,68|8568,24|771,16|0|0|0|278,46||
|C190|551|5101|18|5907,34|5721,44|514,92|0|0|0|185,96||
|C100|1|0|C0000001937|55|00|002|213816|31231002258243000400550020002138161165793490|31102023|31102023|14634,64|1|0|0|14173,98|0|0|0|0|14174,04|1275,66|0|0|460,66|233,86|1077,22|14,16|70,86|
|C110|000001||
|C110|000008||
|C110|000006||
|C110|000007||
|C110|000009||
|C110|000002||
|C110|000003||
|C110|000010||
|C110|000004||
|C110|000011||
|C110|000005||
|C110|000012||
|C110|000013||
|C190|351|5101|18|9442,48|9145,28|823,08|0|0|0|297,22||
|C190|551|5101|18|5192,16|5028,76|452,58|0|0|0|163,44||
|C100|1|0|C0000001937|55|00|002|213817|31231002258243000400550020002138171711822538|31102023|31102023|13196,32|1|0|0|12780,96|0|0|0|0|12781|1150,28|0|0|415,36|210,88|971,36|12,76|63,9|
|C110|000001||
|C110|000008||
|C110|000009||
|C110|000002||
|C110|000003||
|C110|000006||
|C110|000007||
|C110|000010||
|C110|000004||
|C110|000011||
|C110|000005||
|C110|000012||
|C110|000013||
|C190|351|5101|18|7970,84|7720|694,78|0|0|0|250,88||
|C190|551|5101|18|5225,48|5061|455,5|0|0|0|164,48||
|C100|1|0|C0000001937|55|00|002|213818|31231002258243000400550020002138181523180009|31102023|31102023|14549,98|1|0|0|14092|0|0|0|0|14092,04|1268,26|0|0|457,98|232,52|1071|14,1|70,46|
|C110|000001||
|C110|000008||
|C110|000009||
|C110|000002||
|C110|000003||
|C110|000006||
|C110|000007||
|C110|000010||
|C110|000004||
|C110|000011||
|C110|000005||
|C110|000012||
|C110|000013||
|C190|351|5101|18|8743,16|8468|762,1|0|0|0|275,2||
|C190|551|5101|18|5806,82|5624,04|506,16|0|0|0|182,78||
|C100|1|0|C0000001937|55|00|002|213819|31231002258243000400550020002138191968377086|31102023|31102023|20452,4|1|0|0|19808,64|0|0|0|0|19808,76|1782,74|0|0|643,76|326,84|1505,46|19,82|99,04|
|C110|000001||
|C110|000008||
|C110|000009||
|C110|000002||
|C110|000003||
|C110|000006||
|C110|000007||
|C110|000010||
|C110|000004||
|C110|000011||
|C110|000005||
|C110|000012||
|C110|000013||
|C190|351|5101|18|14694,24|14231,8|1280,84|0|0|0|462,5||
|C190|551|5101|18|5758,16|5576,96|501,9|0|0|0|181,26||
|C100|1|0|C0000001937|55|00|002|213820|31231002258243000400550020002138201965540653|31102023|31102023|13922,86|1|0|0|13484,6|0|0|0|0|13484,64|1213,64|0|0|438,26|222,48|1024,82|13,52|67,42|
|C110|000001||
|C110|000008||
|C110|000009||
|C110|000002||
|C110|000003||
|C110|000006||
|C110|000007||
|C110|000010||
|C110|000004||
|C110|000011||
|C110|000005||
|C110|000012||
|C110|000013||
|C190|351|5101|18|8383,16|8119,28|730,74|0|0|0|263,9||
|C190|551|5101|18|5539,7|5365,36|482,9|0|0|0|174,36||
|C100|1|0|C0000001937|55|00|002|213821|31231002258243000400550020002138211367727676|31102023|31102023|19584,42|1|0|0|18967,96|0|0|0|0|18968|1707,12|0|0|616,46|312,98|1441,6|18,94|94,82|
|C110|000001||
|C110|000008||
|C110|000002||
|C110|000003||
|C110|000009||
|C110|000010||
|C110|000004||
|C110|000011||
|C110|000005||
|C110|000012||
|C110|000013||
|C110|000006||
|C110|000007||
|C190|351|5101|18|14429,72|13975,56|1257,8|0|0|0|454,2||
|C190|551|5101|18|5154,7|4992,44|449,32|0|0|0|162,26||
|C100|1|0|C0000001937|55|00|002|213822|31231002258243000400550020002138221731859712|31102023|31102023|13720,06|1|0|0|13288,2|0|0|0|0|13288,28|1195,92|0|0|431,86|219,26|1009,9|13,28|66,46|
|C110|000001||
|C110|000008||
|C110|000002||
|C110|000003||
|C110|000009||
|C110|000010||
|C110|000004||
|C110|000011||
|C110|000005||
|C110|000012||
|C110|000013||
|C190|351|5101|18|10546,78|10214,84|919,32|0|0|0|331,98||
|C190|551|5101|18|3173,28|3073,44|276,6|0|0|0|99,88||
|C100|1|0|C0000001937|55|00|002|213823|31231002258243000400550020002138231326201755|31102023|31102023|17974,7|1|0|0|17408,92|0|0|0|0|17408,96|1566,8|0|0|565,78|287,26|1323,08|17,42|87,02|
|C110|000001||
|C110|000008||
|C110|000002||
|C110|000003||
|C110|000009||
|C110|000004||
|C110|000005||
|C110|000012||
|C110|000010||
|C110|000011||
|C110|000013||
|C190|351|5101|18|14432,84|13978,56|1258,08|0|0|0|454,3||
|C190|551|5101|18|3541,86|3430,4|308,72|0|0|0|111,48||
|C100|1|0|C0000001937|55|00|002|213824|31231002258243000400550020002138241186817187|31102023|31102023|13648,86|1|0|0|13219,24|0|0|0|0|13219,28|1189,76|0|0|429,62|218,12|1004,66|13,24|66,1|
|C110|000001||
|C110|000008||
|C110|000002||
|C110|000003||
|C110|000009||
|C110|000004||
|C110|000005||
|C110|000012||
|C110|000010||
|C110|000011||
|C110|000013||
|C190|351|5101|18|8915,6|8635|777,16|0|0|0|280,64||
|C190|551|5101|18|4733,26|4584,28|412,6|0|0|0|148,98||
|C100|1|0|C0000001937|55|00|002|213825|31231002258243000400550020002138251273660372|31102023|31102023|20047,28|1|0|0|19416,24|0|0|0|0|19416,28|1747,44|0|0|631,04|320,34|1475,62|19,42|97,08|
|C110|000001||
|C110|000008||
|C110|000002||
|C110|000003||
|C110|000009||
|C110|000004||
|C110|000005||
|C110|000012||
|C110|000010||
|C110|000011||
|C110|000013||
|C110|000006||
|C110|000007||
|C190|351|5101|18|10614,46|10280,36|925,22|0|0|0|334,12||
|C190|551|5101|18|9432,82|9135,92|822,22|0|0|0|296,92||
|C100|1|0|C0000001937|55|00|002|213826|31231002258243000400550020002138261963148563|31102023|31102023|15231,08|1|0|0|14751,64|0|0|0|0|14751,68|1327,68|0|0|479,44|243,4|1121,16|14,72|73,74|
|C110|000001||
|C110|000008||
|C110|000002||
|C110|000003||
|C110|000009||
|C110|000004||
|C110|000005||
|C110|000010||
|C110|000011||
|C110|000012||
|C110|000006||
|C110|000007||
|C110|000013||
|C190|351|5101|18|10738,22|10400,2|936,04|0|0|0|338,02||
|C190|551|5101|18|4492,86|4351,48|391,64|0|0|0|141,42||
|C100|1|0|C0000001937|55|00|002|213827|31231102258243000400550020002138271837317727|31102023|31102023|15355,22|1|0|0|14871,9|0|0|0|0|14871,96|1338,48|0|0|483,32|245,36|1130,24|14,88|74,36|
|C110|000001||
|C110|000008||
|C110|000002||
|C110|000003||
|C110|000009||
|C110|000004||
|C110|000005||
|C110|000010||
|C110|000011||
|C110|000012||
|C110|000013||
|C190|351|5101|18|9095,22|8808,96|792,8|0|0|0|286,28||
|C190|551|5101|18|6260|6063|545,68|0|0|0|197,04||
|C990|8624|
|D001|1|
|D990|2|
|E001|0|
|E100|01102023|31102023|
|E110|715907,78|0|0|0|425586,8|0|0|0|5159376,1|0|0|0|4869055,12|0|
|E500|0|01102023|31102023|
|E510|5101|50|8208347,52|7949975,58|258371,94|
|E510|2151|05|5950732,55|0|0|
|E510|2920|05|798240|0|0|
|E510|6920|55|731850|0|0|
|E510|5949|99|1671,28|0|0|
|E510|6151|99|1598,65|0|0|
|E510|6151|55|61,06|0|0|
|E510|1949|05|1756|0|0|
|E510|1949|49|73,6|0|0|
|E520|0|258371,94|0|0|0|0|258371,94|
|E990|15|
|G001|1|
|G990|2|
|H001|0|
|H005|31102023|1037987,37|01|
|H010|930776-100|PÇ|104|0,1125|11,7|0|||0000020737|11,7|
|H010|972056-100|PÇ|244|0,016066|3,92|0|||0000020737|3,92|
|H010|C63442-106|PÇ|3503|57,320009|200791,99|0|||0000022000|200791,99|
|H010|C63443-106|PÇ|3475|57,907281|201227,8|0|||0000022000|201227,8|
|H010|C63444-104|PÇ|399|29,014536|11576,8|0|||0000022000|11576,8|
|H010|C63445-104|PÇ|594|28,949495|17196|0|||0000022000|17196|
|H010|C63446-106|PÇ|1203|25,101571|30197,19|0|||0000022000|30197,19|
|H010|C63447-106|PÇ|1230|24,908992|30638,06|0|||0000022000|30638,06|
|H010|E01927-000|M|55|1,398545|76,92|0|||0000020738|76,92|
|H010|E46961-102|PÇ|42|45,47119|1909,79|0|||0000022000|1909,79|
|H010|E46961-103|PÇ|1306|44,863867|58592,21|0|||0000022000|58592,21|
|H010|E46962-103|PÇ|1268|44,921325|56960,24|0|||0000022000|56960,24|
|H010|E46965-102|PÇ|2824|44,899522|126796,25|0|||0000022000|126796,25|
|H010|E46966-102|PÇ|2190|44,904283|98340,38|0|||0000022000|98340,38|
|H010|E46969-102|PÇ|807|21,615713|17443,88|0|||0000022000|17443,88|
|H010|E46970-102|PÇ|750|21,61972|16214,79|0|||0000022000|16214,79|
|H010|E47181-104|PÇ|1373|60,496897|83062,24|0|||0000022000|83062,24|
|H010|E47182-104|PÇ|1444|60,212749|86947,21|0|||0000022000|86947,21|
|H990|21|
|K001|0|
|K010|0|
|K990|3|
|1001|0|
|1010|N|N|N|N|N|N|N|N|N|N|N|N|N|
|1990|3|
|9001|0|
|9900|0000|1|
|9900|0001|1|
|9900|0002|1|
|9900|0005|1|
|9900|0100|1|
|9900|0150|5|
|9900|0190|2|
|9900|0200|23|
|9900|0220|20|
|9900|0400|3|
|9900|0450|22|
|9900|0990|1|
|9900|1001|1|
|9900|1010|1|
|9900|1990|1|
|9900|9001|1|
|9900|9990|1|
|9900|9999|1|
|9900|B001|1|
|9900|B990|1|
|9900|C001|1|
|9900|C100|706|
|9900|C110|6470|
|9900|C113|2|
|9900|C170|223|
|9900|C190|1221|
|9900|C990|1|
|9900|D001|1|
|9900|D990|1|
|9900|E001|1|
|9900|E100|1|
|9900|E110|1|
|9900|E500|1|
|9900|E510|9|
|9900|E520|1|
|9900|E990|1|
|9900|G001|1|
|9900|G990|1|
|9900|H001|1|
|9900|H005|1|
|9900|H010|18|
|9900|H990|1|
|9900|K001|1|
|9900|K010|1|
|9900|K990|1|
|9900|9900|46|
|9990|49|
|9999|8802|
